timestamp,ist_datetime,ltp,chp,volume,oi,oipercent,totalbuyqty,totalsellqty,bid_price_1,bid_qty_1,bid_orders_1,bid_price_2,bid_qty_2,bid_orders_2,bid_price_3,bid_qty_3,bid_orders_3,bid_price_4,bid_qty_4,bid_orders_4,bid_price_5,bid_qty_5,bid_orders_5,ask_price_1,ask_qty_1,ask_orders_1,ask_price_2,ask_qty_2,ask_orders_2,ask_price_3,ask_qty_3,ask_orders_3,ask_price_4,ask_qty_4,ask_orders_4,ask_price_5,ask_qty_5,ask_orders_5,open,high,low,close
1745813487,2025-04-28 09:41:27,24338.7,0.83,1997625,12243975,4.32,409650,374925,24200.2,24365,24140,24139.1,24338.7,150,1,24338.4,150,1,24338.2,150,1,24337.9,225,2,24337.8,225,2,24343.6,150,2,24343.7,375,2,24343.8,225,2,24344.1,150,2,24344.2,300,2
1745813488,2025-04-28 09:41:28,24336,0.82,1998000,12243975,4.32,391050,377175,24200.2,24365,24140,24139.1,24336,375,2,24335.1,600,1,24335,1350,12,24334.9,225,1,24334.4,525,3,24340.7,150,2,24340.8,375,2,24340.9,75,1,24341.2,75,1,24341.3,150,1
1745813489,2025-04-28 09:41:29,24335.3,0.81,1999275,12243975,4.32,382425,365175,24200.2,24365,24140,24139.1,24335.1,75,1,24335,1350,12,24334,825,4,24333.9,75,1,24333.7,9000,5,24335.4,75,1,24335.5,75,1,24335.7,75,1,24335.8,150,1,24336.2,150,1
1745813490,2025-04-28 09:41:30,24335.1,0.81,1999275,12243975,4.32,382425,365175,24200.2,24365,24140,24139.1,24335.1,75,1,24335,1350,12,24334,825,4,24333.9,75,1,24333.7,9000,5,24335.4,75,1,24335.5,75,1,24335.7,75,1,24335.8,150,1,24336.2,150,1
1745813491,2025-04-28 09:41:31,24336.2,0.82,2000925,12243975,4.32,412875,362850,24200.2,24365,24140,24139.1,24335.4,150,1,24335.2,75,1,24335,225,2,24334.9,225,1,24334.5,300,2,24335.6,75,1,24335.7,75,1,24335.8,75,1,24335.9,75,1,24336.4,75,1
1745813492,2025-04-28 09:41:32,24336.5,0.82,2000925,12243975,4.32,412875,362850,24200.2,24365,24140,24139.1,24335.4,150,1,24335.2,75,1,24335,225,2,24334.9,225,1,24334.5,300,2,24335.6,75,1,24335.7,75,1,24335.8,75,1,24335.9,75,1,24336.4,75,1
1745813493,2025-04-28 09:41:33,24336.8,0.82,2004300,12243975,4.32,393300,369975,24200.2,24365,24140,24139.1,24336.8,75,1,24336.6,225,1,24336.2,75,1,24335.6,150,2,24335.5,150,1,24340.3,150,2,24340.4,300,1,24340.5,75,1,24342,75,1,24342.1,150,1
1745813494,2025-04-28 09:41:34,24336.5,0.82,2005800,12243975,4.32,418125,358200,24200.2,24365,24140,24139.1,24336.2,75,1,24336.1,300,2,24335.8,75,1,24335.7,225,2,24335.6,300,2,24340.1,75,1,24340.2,300,1,24340.5,75,1,24342.5,150,1,24342.8,75,1
1745813495,2025-04-28 09:41:35,24336.5,0.82,2005800,12243975,4.32,418125,358200,24200.2,24365,24140,24139.1,24336.2,75,1,24336.1,300,2,24335.8,75,1,24335.7,225,2,24335.6,300,2,24340.1,75,1,24340.2,300,1,24340.5,75,1,24342.5,150,1,24342.8,75,1
1745813496,2025-04-28 09:41:36,24335,0.81,2008575,12243975,4.32,351000,377850,24200.2,24365,24140,24139.1,24335,75,1,24334,900,5,24333.9,75,1,24333.7,9000,5,24332.6,1500,1,24335.4,150,1,24335.5,75,1,24335.8,75,1,24336.1,75,1,24336.2,75,1
1745813497,2025-04-28 09:41:37,24334,0.81,2008575,12243975,4.32,351000,377850,24200.2,24365,24140,24139.1,24335,75,1,24334,900,5,24333.9,75,1,24333.7,9000,5,24332.6,1500,1,24335.4,150,1,24335.5,75,1,24335.8,75,1,24336.1,75,1,24336.2,75,1
1745813498,2025-04-28 09:41:38,24333.7,0.81,2012400,12243975,4.32,387600,357000,24200.2,24365,24140,24139.1,24333.7,6675,4,24332.6,1500,1,24332.5,75,1,24332,750,3,24331,450,4,24335.3,150,1,24335.4,375,1,24335.5,1875,2,24336.2,150,2,24336.5,75,1
1745813499,2025-04-28 09:41:39,24333.7,0.81,2016000,12243975,4.32,407475,326175,24200.2,24365,24140,24139.1,24333.7,3300,3,24332.6,1500,1,24332.5,600,3,24332.3,525,3,24332.2,225,1,24334.3,75,1,24334.5,1050,1,24335,75,1,24335.1,150,2,24335.2,150,1
1745813500,2025-04-28 09:41:40,24333.7,0.81,2016000,12243975,4.32,407475,326175,24200.2,24365,24140,24139.1,24333.7,3300,3,24332.6,1500,1,24332.5,600,3,24332.3,525,3,24332.2,225,1,24334.3,75,1,24334.5,1050,1,24335,75,1,24335.1,150,2,24335.2,150,1
1745813501,2025-04-28 09:41:41,24332.6,0.8,2019900,12243975,4.32,395325,381150,24200.2,24365,24140,24139.1,24332.6,1050,1,24332.5,75,1,24332,750,3,24331,225,3,24330.9,75,1,24333.5,225,3,24333.7,4050,4,24334.1,150,2,24334.5,1050,1,24334.8,375,1
1745813502,2025-04-28 09:41:42,24332.6,0.8,2019900,12243975,4.32,395325,381150,24200.2,24365,24140,24139.1,24332.6,1050,1,24332.5,75,1,24332,750,3,24331,225,3,24330.9,75,1,24333.5,225,3,24333.7,4050,4,24334.1,150,2,24334.5,1050,1,24334.8,375,1
1745813503,2025-04-28 09:41:43,24332.5,0.8,2021175,12243975,4.32,383925,375525,24200.2,24365,24140,24139.1,24332,750,3,24331,225,3,24330.6,900,3,24330.2,75,1,24330,1350,12,24332.7,225,2,24332.8,75,1,24333,450,1,24333.1,75,1,24333.4,150,1
1745813504,2025-04-28 09:41:44,24330.2,0.79,2023125,12243975,4.32,378075,387450,24200.2,24365,24140,24139.1,24330,1425,13,24328,75,1,24327,75,1,24326.1,900,1,24326,525,3,24330.1,75,1,24330.2,225,2,24330.3,75,1,24330.6,75,1,24330.8,150,1
1745813505,2025-04-28 09:41:45,24330.2,0.79,2023125,12243975,4.32,378075,387450,24200.2,24365,24140,24139.1,24330,1425,13,24328,75,1,24327,75,1,24326.1,900,1,24326,525,3,24330.1,75,1,24330.2,225,2,24330.3,75,1,24330.6,75,1,24330.8,150,1
1745813506,2025-04-28 09:41:46,24325,0.77,2026350,12243975,4.32,327450,386700,24200.2,24365,24140,24139.1,24325.1,75,1,24325,525,6,24324.6,75,1,24322.6,750,1,24322.1,75,1,24325.5,150,1,24325.6,75,1,24325.8,150,1,24326,75,1,24327.3,75,1
1745813507,2025-04-28 09:41:47,24325,0.77,2026350,12243975,4.32,327450,386700,24200.2,24365,24140,24139.1,24325.1,75,1,24325,525,6,24324.6,75,1,24322.6,750,1,24322.1,75,1,24325.5,150,1,24325.6,75,1,24325.8,150,1,24326,75,1,24327.3,75,1
1745813508,2025-04-28 09:41:48,24315.1,0.73,2033850,12243975,4.32,373425,377250,24200.2,24365,24140,24139.1,24315.1,750,3,24315,75,1,24314.5,225,1,24314.4,75,1,24314.2,225,1,24319,75,1,24319.1,75,1,24319.2,375,1,24319.6,150,1,24319.8,150,1
1745813509,2025-04-28 09:41:49,24316.3,0.73,2036250,12243975,4.32,378675,378675,24200.2,24365,24140,24139.1,24312.7,300,1,24311.9,150,1,24311.5,75,1,24311.3,525,2,24311.2,375,3,24317.4,450,1,24317.5,75,1,24317.6,450,2,24317.7,225,2,24317.8,75,1
1745813510,2025-04-28 09:41:50,24316.3,0.73,2036250,12243975,4.32,378675,378675,24200.2,24365,24140,24139.1,24312.7,300,1,24311.9,150,1,24311.5,75,1,24311.3,525,2,24311.2,375,3,24317.4,450,1,24317.5,75,1,24317.6,450,2,24317.7,225,2,24317.8,75,1
1745813511,2025-04-28 09:41:51,24317.9,0.74,2036925,12243975,4.32,392625,367950,24200.2,24365,24140,24139.1,24319,150,1,24318.8,150,1,24318.6,300,2,24318.2,225,2,24318.1,75,1,24323.1,150,2,24323.6,375,1,24323.8,150,1,24324.2,150,1,24324.5,150,1
1745813512,2025-04-28 09:41:52,24318.9,0.74,2036925,12243975,4.32,392625,367950,24200.2,24365,24140,24139.1,24319,150,1,24318.8,150,1,24318.6,300,2,24318.2,225,2,24318.1,75,1,24323.1,150,2,24323.6,375,1,24323.8,150,1,24324.2,150,1,24324.5,150,1
1745813513,2025-04-28 09:41:53,24320,0.75,2038500,12243975,4.32,385425,380175,24200.2,24365,24140,24139.1,24322,750,1,24320,75,1,24318.7,75,1,24318.6,150,1,24318.5,150,1,24324.1,150,1,24324.2,150,1,24324.6,150,1,24324.7,75,1,24324.9,375,1
1745813514,2025-04-28 09:41:54,24319.9,0.75,2040825,12243975,4.32,377475,374175,24200.2,24365,24140,24139.1,24320.6,1500,1,24318.5,150,1,24318.4,300,3,24318.3,300,3,24318.2,225,2,24320.9,75,1,24321,375,1,24323.3,75,1,24323.6,75,1,24323.9,75,1
1745813515,2025-04-28 09:41:55,24322.6,0.76,2040825,12243975,4.32,377475,374175,24200.2,24365,24140,24139.1,24320.6,1500,1,24318.5,150,1,24318.4,300,3,24318.3,300,3,24318.2,225,2,24320.9,75,1,24321,375,1,24323.3,75,1,24323.6,75,1,24323.9,75,1
1745813516,2025-04-28 09:41:56,24320.6,0.75,2042400,12243975,4.32,387675,373650,24200.2,24365,24140,24139.1,24320.6,1125,1,24319.5,75,1,24317.1,150,2,24316.9,300,3,24316.8,300,3,24323,525,2,24323.1,75,1,24323.3,75,1,24323.9,75,1,24324,150,2
1745813517,2025-04-28 09:41:57,24320.6,0.75,2042400,12243975,4.32,387675,373650,24200.2,24365,24140,24139.1,24320.6,1125,1,24319.5,75,1,24317.1,150,2,24316.9,300,3,24316.8,300,3,24323,525,2,24323.1,75,1,24323.3,75,1,24323.9,75,1,24324,150,2
1745813518,2025-04-28 09:41:58,24320.6,0.75,2043000,12243975,4.32,362550,340275,24200.2,24365,24140,24139.1,24320.6,900,2,24319.5,75,1,24317.1,150,2,24316.8,75,1,24316.7,300,2,24321.6,75,1,24321.7,450,1,24321.8,450,1,24322,150,2,24322.1,75,1
1745813519,2025-04-28 09:41:59,24320.5,0.75,2043525,12243975,4.32,383625,379875,24200.2,24365,24140,24139.1,24320,75,1,24317.1,75,1,24316,300,3,24315.7,75,1,24315.4,300,4,24320.5,75,1,24320.6,450,3,24320.7,75,1,24321.7,150,1,24321.9,75,1
1745813520,2025-04-28 09:42:00,24320,0.75,2043525,12243975,4.32,383625,379875,24200.2,24365,24140,24139.1,24320,75,1,24317.1,75,1,24316,300,3,24315.7,75,1,24315.4,300,4,24320.5,75,1,24320.6,450,3,24320.7,75,1,24321.7,150,1,24321.9,75,1
1745813521,2025-04-28 09:42:01,24315.6,0.73,2045250,12243975,4.32,384300,369750,24200.2,24365,24140,24139.1,24315.2,1275,9,24315.1,375,4,24315,300,4,24314.9,75,1,24314.8,525,3,24320.5,300,1,24320.6,450,3,24321.3,300,2,24322,300,3,24322.4,150,1
1745813522,2025-04-28 09:42:02,24320.5,0.75,2045250,12243975,4.32,384300,369750,24200.2,24365,24140,24139.1,24315.2,1275,9,24315.1,375,4,24315,300,4,24314.9,75,1,24314.8,525,3,24320.5,300,1,24320.6,450,3,24321.3,300,2,24322,300,3,24322.4,150,1
1745813523,2025-04-28 09:42:03,24320.6,0.75,2047275,12243975,4.32,398250,348900,24200.2,24365,24140,24139.1,24320.8,750,4,24320.7,675,3,24320.6,825,5,24320.5,1950,3,24319.8,150,2,24324.9,150,1,24325,450,4,24325.1,75,1,24328.2,75,1,24328.3,150,1
1745813524,2025-04-28 09:42:04,24325,0.77,2049000,12243975,4.32,394350,309525,24200.2,24365,24140,24139.1,24325,1350,2,24322.8,225,2,24322.4,75,1,24322.2,225,2,24322.1,225,2,24325.1,75,1,24329.3,150,1,24329.4,300,1,24329.8,75,1,24329.9,150,2
1745813525,2025-04-28 09:42:05,24320.9,0.75,2049000,12243975,4.32,394350,309525,24200.2,24365,24140,24139.1,24325,1350,2,24322.8,225,2,24322.4,75,1,24322.2,225,2,24322.1,225,2,24325.1,75,1,24329.3,150,1,24329.4,300,1,24329.8,75,1,24329.9,150,2
1745813526,2025-04-28 09:42:06,24321.8,0.76,2050875,12243975,4.32,399900,322800,24200.2,24365,24140,24139.1,24321.8,450,5,24321.7,225,2,24321.6,75,1,24321.5,375,1,24321.3,375,3,24324,375,1,24325.1,75,1,24327.2,150,1,24329.1,150,1,24329.4,75,1
1745813527,2025-04-28 09:42:07,24324,0.77,2050875,12243975,4.32,399900,322800,24200.2,24365,24140,24139.1,24321.8,450,5,24321.7,225,2,24321.6,75,1,24321.5,375,1,24321.3,375,3,24324,375,1,24325.1,75,1,24327.2,150,1,24329.1,150,1,24329.4,75,1
1745813528,2025-04-28 09:42:08,24322.1,0.76,2051400,12243975,4.32,396975,374325,24200.2,24365,24140,24139.1,24321.9,225,1,24321.2,225,2,24320.9,150,1,24320.8,150,1,24320.7,1275,5,24323,75,1,24324,225,1,24325,225,3,24325.1,75,1,24326.8,150,1
1745813529,2025-04-28 09:42:09,24323.4,0.76,2052225,12243975,4.32,396750,374100,24200.2,24365,24140,24139.1,24322.6,75,1,24322.5,75,1,24322.2,225,1,24322.1,225,3,24322,600,4,24325,225,3,24325.1,75,1,24328.6,150,1,24329.3,75,1,24329.4,75,1
1745813530,2025-04-28 09:42:10,24325,0.77,2052225,12243975,4.32,396750,374100,24200.2,24365,24140,24139.1,24322.6,75,1,24322.5,75,1,24322.2,225,1,24322.1,225,3,24322,600,4,24325,225,3,24325.1,75,1,24328.6,150,1,24329.3,75,1,24329.4,75,1
1745813531,2025-04-28 09:42:11,24325,0.77,2053725,12243975,4.32,368250,379875,24200.2,24365,24140,24139.1,24320.6,1200,1,24320.5,1575,3,24318.1,75,1,24318,150,1,24317.7,75,1,24324.4,150,1,24324.7,75,1,24324.8,375,1,24324.9,75,1,24325,150,2
1745813532,2025-04-28 09:42:12,24326.8,0.78,2053725,12243975,4.32,368250,379875,24200.2,24365,24140,24139.1,24320.6,1200,1,24320.5,1575,3,24318.1,75,1,24318,150,1,24317.7,75,1,24324.4,150,1,24324.7,75,1,24324.8,375,1,24324.9,75,1,24325,150,2
1745813533,2025-04-28 09:42:13,24325,0.77,2056800,12243975,4.32,322575,381750,24200.2,24365,24140,24139.1,24325,225,1,24320.6,1275,2,24320.5,1500,2,24320,150,2,24319,375,1,24325.9,525,2,24326,150,2,24326.1,675,4,24326.2,150,2,24326.3,525,3
1745813534,2025-04-28 09:42:14,24321.2,0.75,2057025,12243975,4.32,381225,377775,24200.2,24365,24140,24139.1,24321.2,75,1,24321.1,75,1,24320.7,75,1,24320.6,1650,3,24320.5,1500,2,24327,375,2,24327.5,75,1,24327.9,75,1,24328,300,3,24328.1,150,1
1745813535,2025-04-28 09:42:15,24321.1,0.75,2057025,12243975,4.32,381225,377775,24200.2,24365,24140,24139.1,24321.2,75,1,24321.1,75,1,24320.7,75,1,24320.6,1650,3,24320.5,1500,2,24327,375,2,24327.5,75,1,24327.9,75,1,24328,300,3,24328.1,150,1
1745813536,2025-04-28 09:42:16,24325,0.77,2057700,12243975,4.32,395850,367500,24200.2,24365,24140,24139.1,24320.7,375,1,24320.6,1500,3,24320.5,1500,2,24320.3,75,1,24320.1,450,1,24326.9,375,2,24327,75,1,24327.5,75,1,24327.6,150,1,24327.8,75,1
1745813537,2025-04-28 09:42:17,24321.3,0.75,2057700,12243975,4.32,395850,367500,24200.2,24365,24140,24139.1,24320.7,375,1,24320.6,1500,3,24320.5,1500,2,24320.3,75,1,24320.1,450,1,24326.9,375,2,24327,75,1,24327.5,75,1,24327.6,150,1,24327.8,75,1
1745813538,2025-04-28 09:42:18,24321.9,0.76,2058375,12243975,4.32,396075,329175,24200.2,24365,24140,24139.1,24321.7,375,1,24321,300,1,24320.8,150,1,24320.7,150,1,24320.6,1200,3,24326.9,75,1,24327,75,1,24328.4,150,1,24328.5,75,1,24328.9,75,1
1745813539,2025-04-28 09:42:19,24323.9,0.77,2058900,12243975,4.32,400425,291900,24200.2,24365,24140,24139.1,24323.9,225,2,24323.8,75,1,24323.7,450,3,24323.6,75,1,24323.5,75,1,24328.9,150,1,24329,75,1,24330,600,7,24331,75,1,24332.4,75,1
1745813540,2025-04-28 09:42:20,24326.9,0.78,2058900,12243975,4.32,400425,291900,24200.2,24365,24140,24139.1,24323.9,225,2,24323.8,75,1,24323.7,450,3,24323.6,75,1,24323.5,75,1,24328.9,150,1,24329,75,1,24330,600,7,24331,75,1,24332.4,75,1
1745813541,2025-04-28 09:42:21,24331,0.79,2060175,12243975,4.32,401250,349200,24200.2,24365,24140,24139.1,24323.6,375,1,24323.5,75,1,24322.8,75,1,24322.7,375,1,24322.6,75,1,24328.9,150,1,24329,75,1,24329.5,75,1,24329.9,150,1,24330,600,7
1745813542,2025-04-28 09:42:22,24332.5,0.8,2060175,12272625,4.56,401250,349200,24200.2,24365,24140,24139.1,24323.6,375,1,24323.5,75,1,24322.8,75,1,24322.7,375,1,24322.6,75,1,24328.9,150,1,24329,75,1,24329.5,75,1,24329.9,150,1,24330,600,7
1745813543,2025-04-28 09:42:23,24333.7,0.81,2064000,12272625,4.56,388425,359400,24200.2,24365,24140,24139.1,24327.3,375,1,24327.2,225,2,24327.1,525,2,24326.9,225,2,24326.8,300,2,24332.4,75,1,24333,150,1,24333.3,75,1,24333.6,150,1,24333.7,2025,4
1745813544,2025-04-28 09:42:24,24328.4,0.78,2066850,12272625,4.56,396375,314100,24200.2,24365,24140,24139.1,24327.3,225,1,24327,75,1,24326.9,75,1,24326.8,225,2,24326.7,750,3,24333.6,75,1,24333.7,1275,3,24334,225,3,24334.1,75,1,24334.6,75,1
1745813545,2025-04-28 09:42:25,24332.2,0.8,2066850,12272625,4.56,396375,314100,24200.2,24365,24140,24139.1,24327.3,225,1,24327,75,1,24326.9,75,1,24326.8,225,2,24326.7,750,3,24333.6,75,1,24333.7,1275,3,24334,225,3,24334.1,75,1,24334.6,75,1
1745813546,2025-04-28 09:42:26,24334.6,0.81,2070150,12272625,4.56,407700,370575,24200.2,24365,24140,24139.1,24331.7,300,1,24331.6,75,1,24331.5,375,1,24331.4,225,2,24331.3,825,6,24336.9,75,1,24337,75,1,24338.2,75,1,24338.9,75,1,24339,150,1
1745813547,2025-04-28 09:42:27,24331.3,0.8,2071875,12272625,4.56,381300,379275,24200.2,24365,24140,24139.1,24332,150,1,24331.9,75,1,24331.8,375,2,24331.7,300,2,24331.6,75,1,24339.2,150,1,24339.4,75,1,24339.5,75,1,24339.8,75,1,24339.9,225,2
1745813548,2025-04-28 09:42:28,24336.6,0.82,2071875,12272625,4.56,381300,379275,24200.2,24365,24140,24139.1,24332,150,1,24331.9,75,1,24331.8,375,2,24331.7,300,2,24331.6,75,1,24339.2,150,1,24339.4,75,1,24339.5,75,1,24339.8,75,1,24339.9,225,2
1745813549,2025-04-28 09:42:29,24336.9,0.82,2072700,12272625,4.56,377325,378300,24200.2,24365,24140,24139.1,24331.8,300,2,24331.7,225,1,24331,75,1,24330.9,75,1,24330.8,75,1,24336.9,75,1,24337.5,75,1,24338.7,75,1,24338.9,75,1,24339,525,1
1745813550,2025-04-28 09:42:30,24332.5,0.8,2072700,12272625,4.56,377325,378300,24200.2,24365,24140,24139.1,24331.8,300,2,24331.7,225,1,24331,75,1,24330.9,75,1,24330.8,75,1,24336.9,75,1,24337.5,75,1,24338.7,75,1,24338.9,75,1,24339,525,1
1745813551,2025-04-28 09:42:31,24331.8,0.8,2073600,12272625,4.56,392400,370125,24200.2,24365,24140,24139.1,24331.8,75,1,24329.2,75,1,24328.8,225,2,24328.7,225,1,24328.6,375,3,24336.7,300,2,24336.8,300,3,24336.9,150,2,24337,225,2,24337.3,75,1
1745813552,2025-04-28 09:42:32,24327.5,0.78,2074275,12272625,4.56,357525,384675,24200.2,24365,24140,24139.1,24327.5,75,1,24325,150,2,24323.6,375,1,24323.5,150,2,24323.3,75,1,24330.2,525,4,24330.3,375,2,24330.5,75,1,24330.6,375,3,24330.7,450,3
1745813553,2025-04-28 09:42:33,24325,0.77,2074275,12272625,4.56,357525,384675,24200.2,24365,24140,24139.1,24327.5,75,1,24325,150,2,24323.6,375,1,24323.5,150,2,24323.3,75,1,24330.2,525,4,24330.3,375,2,24330.5,75,1,24330.6,375,3,24330.7,450,3
1745813554,2025-04-28 09:42:34,24327.5,0.78,2075100,12272625,4.56,400425,385125,24200.2,24365,24140,24139.1,24325.3,300,1,24324.4,75,1,24324.3,375,4,24324.2,300,2,24324.1,375,1,24330.5,75,1,24330.6,225,2,24330.7,300,2,24330.9,150,1,24331.4,150,1
1745813555,2025-04-28 09:42:35,24327.5,0.78,2075100,12272625,4.56,400425,385125,24200.2,24365,24140,24139.1,24325.3,300,1,24324.4,75,1,24324.3,375,4,24324.2,300,2,24324.1,375,1,24330.5,75,1,24330.6,225,2,24330.7,300,2,24330.9,150,1,24331.4,150,1
1745813556,2025-04-28 09:42:36,24323,0.76,2076075,12272625,4.56,375225,382800,24200.2,24365,24140,24139.1,24325.3,75,1,24324.4,375,1,24323.5,75,1,24323.3,150,2,24323.2,75,1,24330,600,5,24330.1,225,2,24330.2,225,2,24330.3,375,3,24330.4,600,4
1745813557,2025-04-28 09:42:37,24325,0.77,2079300,12272625,4.56,401325,348225,24200.2,24365,24140,24139.1,24324.5,150,2,24324.4,300,1,24324.3,75,1,24324.2,300,1,24324.1,75,1,24330.5,75,1,24331.3,150,2,24331.4,150,1,24331.6,75,1,24331.7,150,2
1745813558,2025-04-28 09:42:38,24330.4,0.79,2079300,12272625,4.56,401325,348225,24200.2,24365,24140,24139.1,24324.5,150,2,24324.4,300,1,24324.3,75,1,24324.2,300,1,24324.1,75,1,24330.5,75,1,24331.3,150,2,24331.4,150,1,24331.6,75,1,24331.7,150,2
1745813559,2025-04-28 09:42:39,24331.8,0.8,2079900,12272625,4.56,402750,364425,24200.2,24365,24140,24139.1,24325.9,375,2,24325.8,150,1,24325.6,375,2,24325.5,300,1,24325.3,225,2,24331.8,150,1,24332.4,150,1,24333.4,150,1,24333.5,150,1,24333.9,75,1
1745813560,2025-04-28 09:42:40,24332.4,0.8,2079900,12272625,4.56,402750,364425,24200.2,24365,24140,24139.1,24325.9,375,2,24325.8,150,1,24325.6,375,2,24325.5,300,1,24325.3,225,2,24331.8,150,1,24332.4,150,1,24333.4,150,1,24333.5,150,1,24333.9,75,1
1745813561,2025-04-28 09:42:41,24339,0.83,2080800,12272625,4.56,395850,334275,24200.2,24365,24140,24139.1,24330,300,1,24329.2,675,3,24329,75,1,24328.9,375,1,24328.7,75,1,24335,75,1,24337.3,150,1,24337.4,75,1,24337.5,150,1,24337.8,75,1
1745813562,2025-04-28 09:42:42,24339,0.83,2081250,12272625,4.56,394575,375375,24200.2,24365,24140,24139.1,24332,75,1,24331.8,75,1,24331.6,75,1,24331.5,150,1,24331.4,225,2,24338.8,75,1,24338.9,225,3,24339,525,3,24339.1,75,1,24339.2,75,1
1745813563,2025-04-28 09:42:43,24334.1,0.81,2081250,12272625,4.56,394575,375375,24200.2,24365,24140,24139.1,24332,75,1,24331.8,75,1,24331.6,75,1,24331.5,150,1,24331.4,225,2,24338.8,75,1,24338.9,225,3,24339,525,3,24339.1,75,1,24339.2,75,1
1745813564,2025-04-28 09:42:44,24331.6,0.8,2082300,12272625,4.56,395250,379650,24200.2,24365,24140,24139.1,24331.6,150,2,24331.2,225,1,24331.1,75,1,24331,75,1,24330.8,150,1,24337.9,75,1,24338,375,3,24338.1,150,2,24338.2,300,2,24338.3,75,1
1745813565,2025-04-28 09:42:45,24333.6,0.81,2082300,12272625,4.56,395250,379650,24200.2,24365,24140,24139.1,24331.6,150,2,24331.2,225,1,24331.1,75,1,24331,75,1,24330.8,150,1,24337.9,75,1,24338,375,3,24338.1,150,2,24338.2,300,2,24338.3,75,1
1745813566,2025-04-28 09:42:46,24337.9,0.82,2082825,12272625,4.56,396675,371700,24200.2,24365,24140,24139.1,24337.9,150,1,24333.4,150,2,24333.2,150,1,24332.8,525,3,24332.7,225,1,24339,675,5,24339.9,150,1,24340,750,3,24340.5,75,1,24340.6,75,1
1745813567,2025-04-28 09:42:47,24340,0.83,2083650,12272625,4.56,399000,374850,24200.2,24365,24140,24139.1,24337.9,75,1,24335.5,150,2,24335.3,75,1,24335,150,2,24334.9,300,3,24340,600,2,24340.5,75,1,24340.6,75,1,24341,75,1,24341.9,150,1
1745813568,2025-04-28 09:42:48,24337.9,0.82,2083650,12272625,4.56,399000,374850,24200.2,24365,24140,24139.1,24337.9,75,1,24335.5,150,2,24335.3,75,1,24335,150,2,24334.9,300,3,24340,600,2,24340.5,75,1,24340.6,75,1,24341,75,1,24341.9,150,1
1745813569,2025-04-28 09:42:49,24337.9,0.82,2084400,12272625,4.56,338025,385425,24200.2,24365,24140,24139.1,24335.5,75,1,24335,450,1,24331.5,75,1,24331.3,75,1,24331.1,75,1,24338.2,600,5,24338.3,225,3,24338.4,150,2,24338.6,75,1,24338.7,450,4
1745813570,2025-04-28 09:42:50,24335,0.81,2084400,12272625,4.56,338025,385425,24200.2,24365,24140,24139.1,24335.5,75,1,24335,450,1,24331.5,75,1,24331.3,75,1,24331.1,75,1,24338.2,600,5,24338.3,225,3,24338.4,150,2,24338.6,75,1,24338.7,450,4
1745813571,2025-04-28 09:42:51,24337.5,0.82,2086575,12272625,4.56,357150,383250,24200.2,24365,24140,24139.1,24332,300,1,24331.5,75,1,24331.3,75,1,24331,150,1,24330.8,450,5,24337.5,150,2,24337.6,375,2,24337.9,75,1,24338.2,75,1,24338.3,150,2
1745813572,2025-04-28 09:42:52,24334.4,0.81,2086800,12272625,4.56,328725,384075,24200.2,24365,24140,24139.1,24335,150,1,24332,375,1,24331.6,75,1,24331.5,75,1,24331.3,75,1,24338.3,300,2,24338.4,375,3,24338.5,375,3,24338.6,525,4,24338.7,150,2
1745813573,2025-04-28 09:42:53,24335,0.81,2086800,12272625,4.56,328725,384075,24200.2,24365,24140,24139.1,24335,150,1,24332,375,1,24331.6,75,1,24331.5,75,1,24331.3,75,1,24338.3,300,2,24338.4,375,3,24338.5,375,3,24338.6,525,4,24338.7,150,2
1745813574,2025-04-28 09:42:54,24331.5,0.8,2087025,12272625,4.56,405000,366750,24200.2,24365,24140,24139.1,24331.4,375,1,24330.4,150,1,24330.2,150,2,24330,750,4,24329.8,525,2,24334.9,150,2,24336.8,75,1,24336.9,75,1,24337,150,1,24337.6,75,1
1745813575,2025-04-28 09:42:55,24335,0.81,2087025,12272625,4.56,405000,366750,24200.2,24365,24140,24139.1,24331.4,375,1,24330.4,150,1,24330.2,150,2,24330,750,4,24329.8,525,2,24334.9,150,2,24336.8,75,1,24336.9,75,1,24337,150,1,24337.6,75,1
1745813576,2025-04-28 09:42:56,24335.4,0.81,2089350,12272625,4.56,400800,317325,24200.2,24365,24140,24139.1,24335.9,150,1,24335.3,150,1,24334.9,75,1,24334.7,150,1,24334.6,150,1,24340,300,2,24340.5,75,1,24340.6,75,1,24341,75,1,24342,450,1
1745813577,2025-04-28 09:42:57,24335.6,0.81,2089500,12272625,4.56,353925,381300,24200.2,24365,24140,24139.1,24333.1,75,1,24332.2,150,1,24331.9,150,1,24331.6,375,1,24331.5,75,1,24339.7,300,2,24339.8,750,4,24339.9,375,3,24340,525,3,24340.3,75,1
1745813578,2025-04-28 09:42:58,24331.2,0.8,2089500,12272625,4.56,353925,381300,24200.2,24365,24140,24139.1,24333.1,75,1,24332.2,150,1,24331.9,150,1,24331.6,375,1,24331.5,75,1,24339.7,300,2,24339.8,750,4,24339.9,375,3,24340,525,3,24340.3,75,1
1745813579,2025-04-28 09:42:59,24337.2,0.82,2090475,12272625,4.56,404925,376725,24200.2,24365,24140,24139.1,24331.1,75,1,24330.9,75,1,24330.7,300,4,24330.6,150,1,24330.5,600,3,24337.3,300,1,24337.9,150,2,24338.5,75,1,24338.6,150,1,24339,75,1
1745813580,2025-04-28 09:43:00,24331,0.79,2090475,12272625,4.56,404925,376725,24200.2,24365,24140,24139.1,24331.1,75,1,24330.9,75,1,24330.7,300,4,24330.6,150,1,24330.5,600,3,24337.3,300,1,24337.9,150,2,24338.5,75,1,24338.6,150,1,24339,75,1
1745813581,2025-04-28 09:43:01,24331,0.79,2090850,12272625,4.56,396525,380850,24200.2,24365,24140,24139.1,24331,75,1,24330,150,2,24329.3,525,2,24329,975,1,24328.9,150,1,24335.7,75,1,24335.8,75,1,24335.9,75,1,24336.3,75,1,24336.4,150,2
1745813582,2025-04-28 09:43:02,24328.2,0.78,2093025,12272625,4.56,331725,391125,24200.2,24365,24140,24139.1,24326.5,75,1,24325,75,1,24324.7,75,1,24324.6,750,5,24324.5,600,3,24330.7,150,1,24331.8,75,1,24331.9,300,3,24332,150,2,24332.1,75,1
1745813583,2025-04-28 09:43:03,24331.1,0.8,2093025,12272625,4.56,331725,391125,24200.2,24365,24140,24139.1,24326.5,75,1,24325,75,1,24324.7,75,1,24324.6,750,5,24324.5,600,3,24330.7,150,1,24331.8,75,1,24331.9,300,3,24332,150,2,24332.1,75,1
1745813584,2025-04-28 09:43:04,24323.8,0.77,2095050,12272625,4.56,380025,365100,24200.2,24365,24140,24139.1,24326.6,300,1,24325,225,1,24324.9,75,1,24324.8,825,3,24324.6,225,1,24331.5,75,1,24331.6,150,1,24332,150,1,24332.8,150,2,24332.9,225,3
1745813585,2025-04-28 09:43:05,24328.2,0.78,2095050,12272625,4.56,380025,365100,24200.2,24365,24140,24139.1,24326.6,300,1,24325,225,1,24324.9,75,1,24324.8,825,3,24324.6,225,1,24331.5,75,1,24331.6,150,1,24332,150,1,24332.8,150,2,24332.9,225,3
1745813586,2025-04-28 09:43:06,24328.2,0.78,2095275,12272625,4.56,375450,384375,24200.2,24365,24140,24139.1,24327.4,150,1,24326.6,225,1,24326,150,1,24325.9,225,1,24325.8,75,1,24331.7,150,1,24332,225,1,24333.3,150,2,24333.4,150,2,24333.5,150,2
1745813587,2025-04-28 09:43:07,24327.6,0.78,2095650,12272625,4.56,350475,360375,24200.2,24365,24140,24139.1,24327.4,300,2,24327.1,375,3,24327,225,2,24326.9,375,1,24326.8,150,1,24333.4,75,1,24333.7,75,1,24333.8,300,3,24333.9,225,2,24334.1,75,1
1745813588,2025-04-28 09:43:08,24328.1,0.78,2095650,12272625,4.56,350475,360375,24200.2,24365,24140,24139.1,24327.4,300,2,24327.1,375,3,24327,225,2,24326.9,375,1,24326.8,150,1,24333.4,75,1,24333.7,75,1,24333.8,300,3,24333.9,225,2,24334.1,75,1
1745813589,2025-04-28 09:43:09,24331.7,0.8,2095725,12272625,4.56,376875,387000,24200.2,24365,24140,24139.1,24328.2,75,1,24327.5,75,1,24327.4,75,1,24326.9,375,1,24326.5,75,1,24332.4,225,1,24332.5,75,1,24332.6,225,1,24332.9,75,1,24333,150,1
1745813590,2025-04-28 09:43:10,24335.3,0.81,2095725,12272625,4.56,376875,387000,24200.2,24365,24140,24139.1,24328.2,75,1,24327.5,75,1,24327.4,75,1,24326.9,375,1,24326.5,75,1,24332.4,225,1,24332.5,75,1,24332.6,225,1,24332.9,75,1,24333,150,1
1745813591,2025-04-28 09:43:11,24327.5,0.78,2097825,12272625,4.56,401925,380925,24200.2,24365,24140,24139.1,24328.2,75,1,24327.2,375,1,24327.1,75,1,24326.8,75,1,24326.7,225,1,24332.5,75,1,24333.3,150,1,24333.9,75,1,24334,225,2,24334.1,75,1
1745813592,2025-04-28 09:43:12,24328.2,0.78,2097900,12272625,4.56,353175,387600,24200.2,24365,24140,24139.1,24326.6,225,1,24325.3,75,1,24324.9,75,1,24324.8,75,1,24324.7,75,1,24332.8,75,1,24332.9,225,2,24333,75,1,24333.3,75,1,24333.4,75,1
1745813593,2025-04-28 09:43:13,24332.2,0.8,2097900,12272625,4.56,353175,387600,24200.2,24365,24140,24139.1,24326.6,225,1,24325.3,75,1,24324.9,75,1,24324.8,75,1,24324.7,75,1,24332.8,75,1,24332.9,225,2,24333,75,1,24333.3,75,1,24333.4,75,1
1745813594,2025-04-28 09:43:14,24328.2,0.78,2098125,12272625,4.56,399975,388125,24200.2,24365,24140,24139.1,24328.2,75,1,24327.5,150,2,24327.2,75,1,24327,375,1,24326.8,150,1,24333,225,2,24333.2,225,1,24334.1,75,1,24334.2,75,1,24334.7,75,1
1745813595,2025-04-28 09:43:15,24330,0.79,2098125,12272625,4.56,399975,388125,24200.2,24365,24140,24139.1,24328.2,75,1,24327.5,150,2,24327.2,75,1,24327,375,1,24326.8,150,1,24333,225,2,24333.2,225,1,24334.1,75,1,24334.2,75,1,24334.7,75,1
1745813596,2025-04-28 09:43:16,24327.4,0.78,2099625,12272625,4.56,401250,388050,24200.2,24365,24140,24139.1,24327.5,225,2,24327.4,600,3,24327.2,225,2,24327.1,375,4,24327,450,6,24333.6,75,1,24334.7,75,1,24334.8,75,1,24334.9,75,1,24335,75,1
1745813597,2025-04-28 09:43:17,24332.9,0.8,2099775,12272625,4.56,405825,392250,24200.2,24365,24140,24139.1,24327.2,375,3,24327.1,225,2,24327,225,1,24326.9,375,4,24326.8,450,2,24333.5,225,1,24333.6,300,2,24334.1,75,1,24334.2,225,2,24334.3,75,1
1745813598,2025-04-28 09:43:18,24327.2,0.78,2099775,12272625,4.56,405825,392250,24200.2,24365,24140,24139.1,24327.2,375,3,24327.1,225,2,24327,225,1,24326.9,375,4,24326.8,450,2,24333.5,225,1,24333.6,300,2,24334.1,75,1,24334.2,225,2,24334.3,75,1
1745813599,2025-04-28 09:43:19,24327.2,0.78,2100075,12272625,4.56,402150,390600,24200.2,24365,24140,24139.1,24327.2,75,1,24327.1,150,2,24327,75,1,24326.9,75,1,24326.8,75,1,24333,75,1,24333.5,75,1,24333.6,75,1,24333.9,75,1,24334,75,1
1745813600,2025-04-28 09:43:20,24332,0.8,2100075,12272625,4.56,402150,390600,24200.2,24365,24140,24139.1,24327.2,75,1,24327.1,150,2,24327,75,1,24326.9,75,1,24326.8,75,1,24333,75,1,24333.5,75,1,24333.6,75,1,24333.9,75,1,24334,75,1
1745813601,2025-04-28 09:43:21,24326.1,0.77,2101350,12272625,4.56,379875,357900,24200.2,24365,24140,24139.1,24325.1,75,1,24325,225,3,24324.9,300,2,24324.8,150,1,24324.7,150,1,24332.1,225,2,24332.2,150,2,24332.7,75,1,24332.8,150,2,24332.9,225,3
1745813602,2025-04-28 09:43:22,24332.2,0.8,2101500,12272625,4.56,384975,390975,24200.2,24365,24140,24139.1,24326.7,75,1,24325.2,225,2,24325.1,225,3,24325,150,2,24324.9,600,4,24332,225,2,24332.1,75,1,24332.2,225,3,24332.3,150,2,24332.4,150,1
1745813603,2025-04-28 09:43:23,24331.9,0.8,2101500,12272625,4.56,384975,390975,24200.2,24365,24140,24139.1,24326.7,75,1,24325.2,225,2,24325.1,225,3,24325,150,2,24324.9,600,4,24332,225,2,24332.1,75,1,24332.2,225,3,24332.3,150,2,24332.4,150,1
1745813604,2025-04-28 09:43:24,24329.4,0.79,2102025,12272625,4.56,396000,395850,24200.2,24365,24140,24139.1,24328.1,75,1,24328,75,1,24325,75,1,24324.2,75,1,24324.1,75,1,24330.5,150,1,24330.7,225,2,24330.8,75,1,24331,75,1,24331.1,150,1
1745813605,2025-04-28 09:43:25,24329.4,0.79,2102025,12272625,4.56,400725,386550,24200.2,24365,24140,24139.1,24330.1,75,1,24330,375,1,24328,75,1,24326.8,450,2,24326.7,150,2,24331,75,1,24331.9,75,1,24332.9,75,1,24333.8,75,1,24334,150,2
1745813606,2025-04-28 09:43:26,24332.9,0.8,2102025,12272625,4.56,400725,386550,24200.2,24365,24140,24139.1,24330.1,75,1,24330,375,1,24328,75,1,24326.8,450,2,24326.7,150,2,24331,75,1,24331.9,75,1,24332.9,75,1,24333.8,75,1,24334,150,2
1745813607,2025-04-28 09:43:27,24330.3,0.79,2102925,12272625,4.56,380325,383925,24200.2,24365,24140,24139.1,24330.5,375,1,24330.3,600,3,24330.1,75,1,24330,375,2,24329.9,525,4,24334.7,75,1,24335,1575,2,24335.6,975,2,24335.9,75,1,24336,75,1
1745813608,2025-04-28 09:43:28,24334.7,0.81,2102925,12272625,4.56,380325,383925,24200.2,24365,24140,24139.1,24330.5,375,1,24330.3,600,3,24330.1,75,1,24330,375,2,24329.9,525,4,24334.7,75,1,24335,1575,2,24335.6,975,2,24335.9,75,1,24336,75,1
1745813609,2025-04-28 09:43:29,24330.5,0.79,2103975,12272625,4.56,401100,388425,24200.2,24365,24140,24139.1,24330.5,225,2,24329.4,75,1,24329.2,450,2,24329.1,150,2,24329,450,4,24335,1575,2,24335.6,75,1,24335.9,75,1,24336,75,1,24336.1,75,1
1745813610,2025-04-28 09:43:30,24331,0.79,2104275,12272625,4.56,366375,391050,24200.2,24365,24140,24139.1,24331,75,1,24329.4,75,1,24329.3,75,1,24329.2,150,2,24329.1,75,1,24335,1575,2,24335.6,75,1,24335.9,75,1,24336,75,1,24336.2,150,1
1745813611,2025-04-28 09:43:31,24335,0.81,2104275,12272625,4.56,366375,391050,24200.2,24365,24140,24139.1,24331,75,1,24329.4,75,1,24329.3,75,1,24329.2,150,2,24329.1,75,1,24335,1575,2,24335.6,75,1,24335.9,75,1,24336,75,1,24336.2,150,1
1745813612,2025-04-28 09:43:32,24335,0.81,2104575,12272625,4.56,404775,387975,24200.2,24365,24140,24139.1,24331,75,1,24329.5,375,1,24329.3,375,1,24329.1,75,1,24329,225,3,24335,1350,2,24335.6,75,1,24335.9,75,1,24336,75,1,24336.7,75,1
1745813613,2025-04-28 09:43:33,24336,0.82,2104575,12272625,4.56,404775,387975,24200.2,24365,24140,24139.1,24331,75,1,24329.5,375,1,24329.3,375,1,24329.1,75,1,24329,225,3,24335,1350,2,24335.6,75,1,24335.9,75,1,24336,75,1,24336.7,75,1
1745813614,2025-04-28 09:43:34,24337.9,0.82,2106225,12272625,4.56,406725,364125,24200.2,24365,24140,24139.1,24333,75,1,24332.9,600,3,24332.8,150,2,24332.7,450,2,24332.6,450,2,24337.9,75,1,24339,75,1,24339.9,75,1,24340,3000,11,24340.2,75,1
1745813615,2025-04-28 09:43:35,24333,0.8,2107050,12272625,4.56,387825,390150,24200.2,24365,24140,24139.1,24333,150,1,24332.2,75,1,24332,150,2,24331.9,75,1,24331.8,75,1,24338.8,225,1,24339,75,1,24339.2,75,1,24339.3,75,1,24339.4,75,1
1745813616,2025-04-28 09:43:36,24331.6,0.8,2107050,12272625,4.56,387825,390150,24200.2,24365,24140,24139.1,24333,150,1,24332.2,75,1,24332,150,2,24331.9,75,1,24331.8,75,1,24338.8,225,1,24339,75,1,24339.2,75,1,24339.3,75,1,24339.4,75,1
1745813617,2025-04-28 09:43:37,24331.3,0.8,2107875,12272625,4.56,404250,386550,24200.2,24365,24140,24139.1,24332.3,75,1,24332.2,150,2,24332.1,75,1,24331.9,75,1,24331.7,75,1,24339,450,3,24339.8,75,1,24339.9,300,3,24340,3000,11,24340.1,75,1
1745813618,2025-04-28 09:43:38,24339,0.83,2107875,12272625,4.56,404250,386550,24200.2,24365,24140,24139.1,24332.3,75,1,24332.2,150,2,24332.1,75,1,24331.9,75,1,24331.7,75,1,24339,450,3,24339.8,75,1,24339.9,300,3,24340,3000,11,24340.1,75,1
1745813619,2025-04-28 09:43:39,24333,0.8,2109825,12272625,4.56,399825,390975,24200.2,24365,24140,24139.1,24330.8,75,1,24330.7,150,2,24330.6,75,1,24330.5,450,2,24330.4,75,1,24337.4,225,1,24337.5,75,1,24337.6,300,2,24337.7,150,2,24337.8,375,3
1745813620,2025-04-28 09:43:40,24331.1,0.8,2110125,12272625,4.56,391500,387225,24200.2,24365,24140,24139.1,24330.8,225,1,24330.3,225,2,24330,150,2,24329.8,75,1,24329.6,150,2,24336.8,225,1,24337,225,1,24337.7,75,1,24337.8,75,1,24338.2,75,1
1745813621,2025-04-28 09:43:41,24335,0.81,2110125,12272625,4.56,391500,387225,24200.2,24365,24140,24139.1,24330.8,225,1,24330.3,225,2,24330,150,2,24329.8,75,1,24329.6,150,2,24336.8,225,1,24337,225,1,24337.7,75,1,24337.8,75,1,24338.2,75,1
1745813622,2025-04-28 09:43:42,24337.5,0.82,2110650,12272625,4.56,395850,386250,24200.2,24365,24140,24139.1,24330.9,75,1,24330.8,375,2,24330,75,1,24329.8,75,1,24329.7,75,1,24336.6,225,1,24336.8,225,1,24336.9,225,1,24337.7,75,1,24337.8,75,1
1745813623,2025-04-28 09:43:43,24330.9,0.79,2110650,12272625,4.56,395850,386250,24200.2,24365,24140,24139.1,24330.9,75,1,24330.8,375,2,24330,75,1,24329.8,75,1,24329.7,75,1,24336.6,225,1,24336.8,225,1,24336.9,225,1,24337.7,75,1,24337.8,75,1
1745813624,2025-04-28 09:43:44,24331.4,0.8,2110800,12272625,4.56,410100,361050,24200.2,24365,24140,24139.1,24331.5,225,1,24331.4,150,1,24331.3,375,2,24331.2,375,1,24331.1,150,1,24336.9,75,1,24338.7,75,1,24338.9,150,2,24339,75,1,24339.4,75,1
1745813625,2025-04-28 09:43:45,24331.4,0.8,2110800,12272625,4.56,392775,390675,24200.2,24365,24140,24139.1,24331.5,225,2,24331.3,75,1,24331.1,75,1,24331,75,1,24330.9,375,2,24338.5,75,1,24338.6,150,2,24338.7,225,1,24338.8,75,1,24338.9,300,2
1745813626,2025-04-28 09:43:46,24333,0.8,2110800,12272625,4.56,392775,390675,24200.2,24365,24140,24139.1,24331.5,225,2,24331.3,75,1,24331.1,75,1,24331,75,1,24330.9,375,2,24338.5,75,1,24338.6,150,2,24338.7,225,1,24338.8,75,1,24338.9,300,2
1745813627,2025-04-28 09:43:47,24332.7,0.8,2111025,12272625,4.56,392625,373350,24200.2,24365,24140,24139.1,24332.7,150,1,24332.1,75,1,24331.8,75,1,24331.7,150,1,24331.5,450,3,24339,75,1,24339.8,75,1,24339.9,150,2,24340,3300,15,24340.1,75,1
1745813628,2025-04-28 09:43:48,24338,0.82,2111025,12272625,4.56,392625,373350,24200.2,24365,24140,24139.1,24332.7,150,1,24332.1,75,1,24331.8,75,1,24331.7,150,1,24331.5,450,3,24339,75,1,24339.8,75,1,24339.9,150,2,24340,3300,15,24340.1,75,1
1745813629,2025-04-28 09:43:49,24332.7,0.8,2111175,12272625,4.56,409050,392625,24200.2,24365,24140,24139.1,24332.7,375,2,24331.5,75,1,24331.4,150,2,24331.3,825,4,24331.1,375,1,24335,75,1,24337,75,1,24338.8,75,1,24338.9,150,2,24339,225,3
1745813630,2025-04-28 09:43:50,24331,0.79,2111925,12272625,4.56,381975,397350,24200.2,24365,24140,24139.1,24330,75,1,24328,150,2,24327.1,225,2,24327,75,1,24326.9,75,1,24333.7,225,2,24334.1,75,1,24334.2,225,3,24334.3,150,2,24334.4,150,2
1745813631,2025-04-28 09:43:51,24333.4,0.8,2111925,12272625,4.56,381975,397350,24200.2,24365,24140,24139.1,24330,75,1,24328,150,2,24327.1,225,2,24327,75,1,24326.9,75,1,24333.7,225,2,24334.1,75,1,24334.2,225,3,24334.3,150,2,24334.4,150,2
1745813632,2025-04-28 09:43:52,24331.4,0.8,2112225,12272625,4.56,410475,391050,24200.2,24365,24140,24139.1,24331.2,300,2,24331.1,150,2,24330.6,75,1,24330.5,750,2,24330.4,225,2,24334.9,150,2,24335,75,1,24337,75,1,24337.5,150,2,24337.7,75,1
1745813633,2025-04-28 09:43:53,24331.5,0.8,2112225,12272625,4.56,410475,391050,24200.2,24365,24140,24139.1,24331.2,300,2,24331.1,150,2,24330.6,75,1,24330.5,750,2,24330.4,225,2,24334.9,150,2,24335,75,1,24337,75,1,24337.5,150,2,24337.7,75,1
1745813634,2025-04-28 09:43:54,24334.9,0.81,2112525,12272625,4.56,389625,391500,24200.2,24365,24140,24139.1,24331.2,225,1,24330.4,150,1,24330.3,75,1,24330.2,75,1,24330.1,825,3,24334.9,150,2,24335,75,1,24337,75,1,24337.5,75,1,24337.6,150,2
1745813635,2025-04-28 09:43:55,24333,0.8,2112900,12272625,4.56,400350,397875,24200.2,24365,24140,24139.1,24331.2,150,1,24328,150,2,24327.5,225,1,24327.3,75,1,24327.2,150,1,24333,375,2,24334.5,75,1,24334.6,225,3,24334.7,300,3,24334.8,150,2
1745813636,2025-04-28 09:43:56,24331.4,0.8,2112900,12272625,4.56,400350,397875,24200.2,24365,24140,24139.1,24331.2,150,1,24328,150,2,24327.5,225,1,24327.3,75,1,24327.2,150,1,24333,375,2,24334.5,75,1,24334.6,225,3,24334.7,300,3,24334.8,150,2
1745813637,2025-04-28 09:43:57,24331.2,0.8,2113275,12272625,4.56,328725,397275,24200.2,24365,24140,24139.1,24328,150,2,24327,75,1,24325.4,75,1,24325.3,75,1,24325.1,225,2,24332.1,300,3,24332.2,450,4,24332.3,150,2,24332.4,75,1,24332.5,75,1
1745813638,2025-04-28 09:43:58,24331.2,0.8,2113275,12272625,4.56,328725,397275,24200.2,24365,24140,24139.1,24328,150,2,24327,75,1,24325.4,75,1,24325.3,75,1,24325.1,225,2,24332.1,300,3,24332.2,450,4,24332.3,150,2,24332.4,75,1,24332.5,75,1
1745813639,2025-04-28 09:43:59,24331.2,0.8,2113350,12272625,4.56,413850,384600,24200.2,24365,24140,24139.1,24328.4,300,2,24328.2,75,1,24328.1,375,1,24328,375,4,24327.8,450,2,24332.9,75,1,24333,150,1,24334.9,75,1,24335,75,1,24335.1,75,1
1745813640,2025-04-28 09:44:00,24328,0.78,2113650,12272625,4.56,397725,394650,24200.2,24365,24140,24139.1,24327,300,3,24326.6,75,1,24326.4,150,1,24326.2,150,1,24326,375,1,24332.1,75,1,24333,225,2,24333.1,150,2,24333.2,150,2,24333.3,150,2
1745813641,2025-04-28 09:44:01,24331.4,0.8,2113650,12272625,4.56,397725,394650,24200.2,24365,24140,24139.1,24327,300,3,24326.6,75,1,24326.4,150,1,24326.2,150,1,24326,375,1,24332.1,75,1,24333,225,2,24333.1,150,2,24333.2,150,2,24333.3,150,2
1745813642,2025-04-28 09:44:02,24331.4,0.8,2114175,12272625,4.56,400800,359025,24200.2,24365,24140,24139.1,24330,75,1,24327,75,1,24326.2,75,1,24325.6,150,2,24325.5,150,1,24331.2,75,1,24332.7,75,1,24332.8,150,2,24332.9,150,2,24333,225,2
1745813643,2025-04-28 09:44:03,24331,0.79,2114175,12272625,4.56,400800,359025,24200.2,24365,24140,24139.1,24330,75,1,24327,75,1,24326.2,75,1,24325.6,150,2,24325.5,150,1,24331.2,75,1,24332.7,75,1,24332.8,150,2,24332.9,150,2,24333,225,2
1745813644,2025-04-28 09:44:04,24331,0.79,2115900,12272625,4.56,409500,393675,24200.2,24365,24140,24139.1,24330,75,1,24327.5,525,2,24327.4,75,1,24327,150,2,24326.9,300,4,24333,150,1,24334.2,75,1,24334.3,150,2,24334.4,150,2,24334.5,75,1
1745813645,2025-04-28 09:44:05,24333,0.8,2116125,12272625,4.56,413025,367050,24200.2,24365,24140,24139.1,24333,225,1,24330,450,3,24328.6,75,1,24328.5,600,2,24328,150,1,24334.9,75,1,24335,75,1,24335.1,75,1,24336.6,75,1,24336.7,75,1
1745813646,2025-04-28 09:44:06,24333,0.8,2116125,12272625,4.56,413025,367050,24200.2,24365,24140,24139.1,24333,225,1,24330,450,3,24328.6,75,1,24328.5,600,2,24328,150,1,24334.9,75,1,24335,75,1,24335.1,75,1,24336.6,75,1,24336.7,75,1
1745813647,2025-04-28 09:44:07,24333,0.8,2116200,12272625,4.56,412275,379050,24200.2,24365,24140,24139.1,24333,150,1,24330,450,3,24329.5,375,1,24329,375,1,24328.8,75,1,24334.9,75,1,24335,75,1,24335.4,75,1,24336.8,75,1,24336.9,225,3
1745813648,2025-04-28 09:44:08,24333,0.8,2116200,12272625,4.56,412275,379050,24200.2,24365,24140,24139.1,24333,150,1,24330,450,3,24329.5,375,1,24329,375,1,24328.8,75,1,24334.9,75,1,24335,75,1,24335.4,75,1,24336.8,75,1,24336.9,225,3
1745813649,2025-04-28 09:44:09,24323.4,0.76,2119350,12272625,4.56,391200,395850,24200.2,24365,24140,24139.1,24323.2,375,1,24322.8,75,1,24322.7,525,2,24322.6,375,3,24322.5,525,4,24329.4,225,2,24329.5,75,1,24329.6,150,2,24329.7,300,3,24329.8,225,2
1745813650,2025-04-28 09:44:10,24329.9,0.79,2119725,12272625,4.56,417075,397575,24200.2,24365,24140,24139.1,24325.6,225,1,24325.4,375,1,24325.2,150,2,24325,150,2,24324.9,750,4,24331.7,150,1,24331.8,75,1,24331.9,225,2,24332,150,2,24332.1,225,2
1745813651,2025-04-28 09:44:11,24329.9,0.79,2119725,12272625,4.56,417075,397575,24200.2,24365,24140,24139.1,24325.6,225,1,24325.4,375,1,24325.2,150,2,24325,150,2,24324.9,750,4,24331.7,150,1,24331.8,75,1,24331.9,225,2,24332,150,2,24332.1,225,2
1745813652,2025-04-28 09:44:12,24327.2,0.78,2120775,12272625,4.56,409800,391575,24200.2,24365,24140,24139.1,24327.5,75,1,24327.1,225,3,24327,150,2,24326.9,375,3,24326.8,150,1,24333,75,1,24334.4,75,1,24334.5,150,2,24334.6,225,3,24334.7,75,1
1745813654,2025-04-28 09:44:14,24330,0.79,2120775,12272625,4.56,409800,391575,24200.2,24365,24140,24139.1,24327.5,75,1,24327.1,225,3,24327,150,2,24326.9,375,3,24326.8,150,1,24333,75,1,24334.4,75,1,24334.5,150,2,24334.6,225,3,24334.7,75,1
1745813654,2025-04-28 09:44:14,24331.9,0.8,2120925,12272625,4.56,411075,398925,24200.2,24365,24140,24139.1,24326.2,375,1,24325.8,75,1,24325.5,375,1,24325.4,1275,6,24325.3,150,2,24332.1,150,1,24332.2,150,2,24332.3,300,3,24332.4,150,2,24332.5,225,2
1745813655,2025-04-28 09:44:15,24327.1,0.78,2121300,12272625,4.56,365175,401025,24200.2,24365,24140,24139.1,24324,300,1,24322,75,1,24321.2,75,1,24321.1,525,1,24321,150,2,24326.8,150,1,24327,150,1,24327.1,75,1,24328.1,75,1,24328.2,225,3
1745813657,2025-04-28 09:44:17,24326,0.77,2121300,12272625,4.56,365175,401025,24200.2,24365,24140,24139.1,24324,300,1,24322,75,1,24321.2,75,1,24321.1,525,1,24321,150,2,24326.8,150,1,24327,150,1,24327.1,75,1,24328.1,75,1,24328.2,225,3
1745813658,2025-04-28 09:44:18,24322.4,0.76,2122500,12272625,4.56,402375,375075,24200.2,24365,24140,24139.1,24322.2,75,1,24322.1,75,1,24322,75,1,24321.7,75,1,24321.5,450,2,24327.8,150,1,24328,150,1,24329.5,75,1,24329.6,150,2,24329.7,150,2
1745813659,2025-04-28 09:44:19,24325.8,0.77,2122500,12272625,4.56,402375,375075,24200.2,24365,24140,24139.1,24322.2,75,1,24322.1,75,1,24322,75,1,24321.7,75,1,24321.5,450,2,24327.8,150,1,24328,150,1,24329.5,75,1,24329.6,150,2,24329.7,150,2
1745813660,2025-04-28 09:44:20,24326.9,0.78,2122950,12272625,4.56,402675,399075,24200.2,24365,24140,24139.1,24323,75,1,24322.1,75,1,24322,75,1,24321.2,75,1,24321.1,525,1,24327.4,150,1,24327.5,75,1,24327.6,150,1,24328.1,75,1,24328.2,150,1
1745813661,2025-04-28 09:44:21,24323,0.76,2123175,12272625,4.56,399975,402300,24200.2,24365,24140,24139.1,24324.1,75,1,24322.1,75,1,24322,75,1,24321.2,75,1,24321.1,525,1,24324.4,150,1,24324.6,150,1,24324.7,75,1,24324.8,150,1,24325.4,75,1
1745813662,2025-04-28 09:44:22,24324.1,0.77,2123175,12272625,4.56,399975,402300,24200.2,24365,24140,24139.1,24324.1,75,1,24322.1,75,1,24322,75,1,24321.2,75,1,24321.1,525,1,24324.4,150,1,24324.6,150,1,24324.7,75,1,24324.8,150,1,24325.4,75,1
1745813663,2025-04-28 09:44:23,24321.1,0.75,2124000,12272625,4.56,400725,402375,24200.2,24365,24140,24139.1,24321,150,2,24320.5,150,1,24320.1,450,1,24320,600,8,24318,300,3,24322.5,300,3,24322.7,150,1,24322.8,75,1,24323.7,150,2,24323.8,150,2
1745813664,2025-04-28 09:44:24,24320.9,0.75,2124000,12272625,4.56,400725,402375,24200.2,24365,24140,24139.1,24321,150,2,24320.5,150,1,24320.1,450,1,24320,600,8,24318,300,3,24322.5,300,3,24322.7,150,1,24322.8,75,1,24323.7,150,2,24323.8,150,2
1745813665,2025-04-28 09:44:25,24318,0.74,2125650,12272625,4.56,361500,397575,24200.2,24365,24140,24139.1,24321.1,75,1,24318,300,3,24317.7,75,1,24317.4,75,1,24317.2,75,1,24322.7,150,1,24322.9,225,2,24323,150,2,24323.1,75,1,24323.6,75,1
1745813666,2025-04-28 09:44:26,24320,0.75,2126250,12272625,4.56,372750,402225,24200.2,24365,24140,24139.1,24318,150,2,24317.7,75,1,24316.6,300,1,24315.6,75,1,24315.4,75,1,24320,2250,2,24321,75,1,24321.1,225,2,24321.2,75,1,24321.3,75,1
1745813667,2025-04-28 09:44:27,24320,0.75,2126250,12272625,4.56,372750,402225,24200.2,24365,24140,24139.1,24318,150,2,24317.7,75,1,24316.6,300,1,24315.6,75,1,24315.4,75,1,24320,2250,2,24321,75,1,24321.1,225,2,24321.2,75,1,24321.3,75,1
1745813668,2025-04-28 09:44:28,24318.2,0.74,2126325,12272625,4.56,349800,397425,24200.2,24365,24140,24139.1,24318.1,75,1,24318,150,2,24317.7,75,1,24316.6,300,1,24315.6,75,1,24319.3,300,2,24319.4,300,2,24319.5,300,2,24319.6,75,1,24319.7,225,1
1745813669,2025-04-28 09:44:29,24312.1,0.72,2126325,12272625,4.56,349800,397425,24200.2,24365,24140,24139.1,24318.1,75,1,24318,150,2,24317.7,75,1,24316.6,300,1,24315.6,75,1,24319.3,300,2,24319.4,300,2,24319.5,300,2,24319.6,75,1,24319.7,225,1
1745813670,2025-04-28 09:44:30,24315,0.73,2128050,12272625,4.56,403950,380250,24200.2,24365,24140,24139.1,24312.1,1425,3,24311.6,75,1,24311.5,225,3,24311.4,225,2,24311.3,900,3,24316.5,75,1,24318.5,75,1,24318.6,75,1,24318.8,75,1,24318.9,75,1
1745813671,2025-04-28 09:44:31,24318,0.74,2129400,12272625,4.56,405975,390450,24200.2,24365,24140,24139.1,24316.5,225,1,24314,375,1,24313.7,225,2,24313.6,375,2,24313.5,375,3,24320,3000,7,24321.5,75,1,24321.6,75,1,24322.1,75,1,24322.2,150,2
1745813672,2025-04-28 09:44:32,24316.5,0.73,2129400,12272625,4.56,405975,390450,24200.2,24365,24140,24139.1,24316.5,225,1,24314,375,1,24313.7,225,2,24313.6,375,2,24313.5,375,3,24320,3000,7,24321.5,75,1,24321.6,75,1,24322.1,75,1,24322.2,150,2
1745813673,2025-04-28 09:44:33,24315.1,0.73,2130150,12272625,4.56,406950,394875,24200.2,24365,24140,24139.1,24313.5,375,2,24313.4,375,1,24313.2,525,3,24313.1,225,2,24313,75,1,24320,2550,6,24320.7,75,1,24320.8,150,2,24320.9,150,1,24321.4,75,1
1745813674,2025-04-28 09:44:34,24313.6,0.72,2130150,12272625,4.56,406950,394875,24200.2,24365,24140,24139.1,24313.5,375,2,24313.4,375,1,24313.2,525,3,24313.1,225,2,24313,75,1,24320,2550,6,24320.7,75,1,24320.8,150,2,24320.9,150,1,24321.4,75,1
1745813675,2025-04-28 09:44:35,24315,0.73,2131950,12272625,4.56,403725,395625,24200.2,24365,24140,24139.1,24312.1,675,2,24311.6,75,1,24311.5,75,1,24311.1,375,1,24311,300,4,24317.5,300,1,24318.4,75,1,24318.5,75,1,24318.6,75,1,24318.7,150,2
1745813676,2025-04-28 09:44:36,24310,0.71,2134500,12272625,4.56,397650,407175,24200.2,24365,24140,24139.1,24309.6,750,2,24309.5,75,1,24309.4,225,1,24309.1,375,1,24309,375,1,24312,675,1,24315.9,75,1,24316,75,1,24316.3,75,1,24316.4,150,2
1745813677,2025-04-28 09:44:37,24310,0.71,2134500,12272625,4.56,397650,407175,24200.2,24365,24140,24139.1,24309.6,750,2,24309.5,75,1,24309.4,225,1,24309.1,375,1,24309,375,1,24312,675,1,24315.9,75,1,24316,75,1,24316.3,75,1,24316.4,150,2
1745813678,2025-04-28 09:44:38,24307.6,0.7,2137725,12272625,4.56,391875,404625,24200.2,24365,24140,24139.1,24307,75,1,24306.1,450,2,24306,75,1,24305.9,75,1,24305.8,225,3,24312.8,300,1,24313.2,300,1,24313.3,75,1,24313.5,75,1,24313.6,75,1
1745813679,2025-04-28 09:44:39,24308.6,0.7,2137725,12272625,4.56,391875,404625,24200.2,24365,24140,24139.1,24307,75,1,24306.1,450,2,24306,75,1,24305.9,75,1,24305.8,225,3,24312.8,300,1,24313.2,300,1,24313.3,75,1,24313.5,75,1,24313.6,75,1
1745813680,2025-04-28 09:44:40,24309.5,0.71,2138175,12272625,4.56,406650,397725,24200.2,24365,24140,24139.1,24308.9,150,1,24308.8,150,2,24308.7,375,1,24308.6,75,1,24308.5,525,3,24315,300,1,24316.4,75,1,24316.5,225,3,24317,75,1,24317.1,75,1
1745813681,2025-04-28 09:44:41,24316.5,0.73,2142000,12272625,4.56,407250,392700,24200.2,24365,24140,24139.1,24309.5,150,2,24309.4,450,2,24309.3,300,3,24309.2,225,3,24309.1,225,3,24316.5,300,2,24316.6,75,1,24316.7,75,1,24318.5,150,2,24318.6,225,2
1745813682,2025-04-28 09:44:42,24311.1,0.71,2142000,12272625,4.56,407250,392700,24200.2,24365,24140,24139.1,24309.5,150,2,24309.4,450,2,24309.3,300,3,24309.2,225,3,24309.1,225,3,24316.5,300,2,24316.6,75,1,24316.7,75,1,24318.5,150,2,24318.6,225,2
1745813683,2025-04-28 09:44:43,24315,0.73,2142225,12272625,4.56,414225,381675,24200.2,24365,24140,24139.1,24312,450,1,24311.4,75,1,24311.3,525,3,24311.2,450,2,24311.1,75,1,24315,75,1,24316.1,75,1,24317.4,75,1,24319.1,225,2,24319.2,75,1
1745813684,2025-04-28 09:44:44,24315,0.73,2142225,12272625,4.56,414225,381675,24200.2,24365,24140,24139.1,24312,450,1,24311.4,75,1,24311.3,525,3,24311.2,450,2,24311.1,75,1,24315,75,1,24316.1,75,1,24317.4,75,1,24319.1,225,2,24319.2,75,1
1745813685,2025-04-28 09:44:45,24310.3,0.71,2146200,12272625,4.56,409500,395100,24200.2,24365,24140,24139.1,24310.3,225,1,24310.1,75,1,24310,150,2,24309.9,525,3,24309.7,225,3,24314.6,75,1,24316.1,75,1,24317.1,75,1,24318.1,75,1,24318.2,75,1
1745813686,2025-04-28 09:44:46,24314.6,0.73,2146650,12272625,4.56,411825,371025,24200.2,24365,24140,24139.1,24314.4,75,1,24314.3,150,2,24314.2,825,3,24314.1,150,2,24313.9,75,1,24320,2475,6,24321,75,1,24321.1,150,2,24322.5,225,1,24323,300,3
1745813687,2025-04-28 09:44:47,24315,0.73,2146650,12272625,4.56,411825,371025,24200.2,24365,24140,24139.1,24314.4,75,1,24314.3,150,2,24314.2,825,3,24314.1,150,2,24313.9,75,1,24320,2475,6,24321,75,1,24321.1,150,2,24322.5,225,1,24323,300,3
1745813688,2025-04-28 09:44:48,24315,0.73,2147625,12272625,4.56,404325,405300,24200.2,24365,24140,24139.1,24314.6,75,1,24312.4,75,1,24312.3,75,1,24312.2,75,1,24312.1,150,2,24319.5,300,1,24319.6,75,1,24319.7,300,1,24319.8,150,2,24320,3000,8
1745813689,2025-04-28 09:44:49,24315,0.73,2147625,12272625,4.56,404325,405300,24200.2,24365,24140,24139.1,24314.6,75,1,24312.4,75,1,24312.3,75,1,24312.2,75,1,24312.1,150,2,24319.5,300,1,24319.6,75,1,24319.7,300,1,24319.8,150,2,24320,3000,8
1745813690,2025-04-28 09:44:50,24314.6,0.73,2147625,12272625,4.56,414600,400275,24200.2,24365,24140,24139.1,24314.6,75,1,24313.1,150,2,24313,150,2,24312.9,75,1,24312.8,150,2,24319.1,75,1,24320,4050,10,24321.1,75,1,24321.5,300,1,24321.6,375,1
1745813691,2025-04-28 09:44:51,24315,0.73,2148150,12272625,4.56,400200,348375,24200.2,24365,24140,24139.1,24314.6,75,1,24313,75,1,24312.9,225,2,24312.8,150,2,24312.7,150,2,24319.4,300,1,24319.5,75,1,24319.9,75,1,24320,3975,10,24321.1,75,1
1745813692,2025-04-28 09:44:52,24312.9,0.72,2148150,12272625,4.56,400200,348375,24200.2,24365,24140,24139.1,24314.6,75,1,24313,75,1,24312.9,225,2,24312.8,150,2,24312.7,150,2,24319.4,300,1,24319.5,75,1,24319.9,75,1,24320,3975,10,24321.1,75,1
1745813693,2025-04-28 09:44:53,24314,0.72,2148975,12272625,4.56,405525,399225,24200.2,24365,24140,24139.1,24314,975,1,24312,75,1,24311.8,75,1,24311.7,375,1,24311.5,75,1,24315,300,4,24319,75,1,24319.1,75,1,24319.5,75,1,24319.6,75,1
1745813694,2025-04-28 09:44:54,24315,0.73,2148975,12272625,4.56,405525,399225,24200.2,24365,24140,24139.1,24314,975,1,24312,75,1,24311.8,75,1,24311.7,375,1,24311.5,75,1,24315,300,4,24319,75,1,24319.1,75,1,24319.5,75,1,24319.6,75,1
1745813695,2025-04-28 09:44:55,24312.3,0.72,2149800,12272625,4.56,410850,386775,24200.2,24365,24140,24139.1,24314,225,1,24312.1,75,1,24312,450,2,24311.9,75,1,24311.8,75,1,24315,225,3,24319.6,75,1,24319.7,75,1,24319.8,75,1,24319.9,150,2
1745813696,2025-04-28 09:44:56,24315,0.73,2150700,12272625,4.56,407325,390225,24200.2,24365,24140,24139.1,24315,75,1,24314,75,1,24312.1,75,1,24312,600,4,24311.8,75,1,24318.9,150,2,24319,450,3,24319.1,150,2,24319.2,75,1,24319.9,150,2
1745813697,2025-04-28 09:44:57,24313.2,0.72,2150700,12272625,4.56,407325,390225,24200.2,24365,24140,24139.1,24315,75,1,24314,75,1,24312.1,75,1,24312,600,4,24311.8,75,1,24318.9,150,2,24319,450,3,24319.1,150,2,24319.2,75,1,24319.9,150,2
1745813698,2025-04-28 09:44:58,24315.3,0.73,2151225,12272625,4.56,397125,405150,24200.2,24365,24140,24139.1,24315.2,150,1,24312,75,1,24311.1,750,2,24310.9,75,1,24310.8,225,1,24317.6,300,1,24317.7,75,1,24317.8,300,1,24317.9,75,1,24318,300,1
1745813699,2025-04-28 09:44:59,24310.8,0.71,2151225,12272625,4.56,397125,405150,24200.2,24365,24140,24139.1,24315.2,150,1,24312,75,1,24311.1,750,2,24310.9,75,1,24310.8,225,1,24317.6,300,1,24317.7,75,1,24317.8,300,1,24317.9,75,1,24318,300,1
1745813700,2025-04-28 09:45:00,24310.8,0.71,2154225,12272625,4.56,365250,406350,24200.2,24365,24140,24139.1,24310.6,75,1,24310,375,2,24309,75,1,24308.6,150,2,24308.4,75,1,24315,75,1,24316.9,150,2,24317,300,3,24317.1,150,2,24317.5,75,1
1745813701,2025-04-28 09:45:01,24315,0.73,2154825,12272625,4.56,417375,342900,24200.2,24365,24140,24139.1,24315.5,300,3,24315.4,150,2,24315.3,150,1,24315,225,2,24314.8,75,1,24320,4050,11,24321.1,75,1,24322.9,75,1,24323,75,1,24323.5,75,1
1745813702,2025-04-28 09:45:02,24320,0.75,2154825,12272625,4.56,417375,342900,24200.2,24365,24140,24139.1,24315.5,300,3,24315.4,150,2,24315.3,150,1,24315,225,2,24314.8,75,1,24320,4050,11,24321.1,75,1,24322.9,75,1,24323,75,1,24323.5,75,1
1745813703,2025-04-28 09:45:03,24316.2,0.73,2155425,12272625,4.56,415950,394650,24200.2,24365,24140,24139.1,24316.3,225,2,24316.2,75,1,24316,75,1,24315.9,150,2,24315.8,75,1,24320,3675,12,24321.1,75,1,24323,75,1,24323.8,75,1,24323.9,150,2
1745813704,2025-04-28 09:45:04,24320,0.75,2155425,12272625,4.56,415950,394650,24200.2,24365,24140,24139.1,24316.3,225,2,24316.2,75,1,24316,75,1,24315.9,150,2,24315.8,75,1,24320,3675,12,24321.1,75,1,24323,75,1,24323.8,75,1,24323.9,150,2
1745813705,2025-04-28 09:45:05,24320,0.75,2159475,12272625,4.56,417975,346950,24200.2,24365,24140,24139.1,24320,1200,2,24318.8,150,1,24318.2,225,2,24317.8,75,1,24317.6,150,2,24321.1,75,1,24323,75,1,24323.9,75,1,24324,150,1,24324.9,75,1
1745813706,2025-04-28 09:45:06,24316.7,0.74,2161575,12272625,4.56,408375,399000,24200.2,24365,24140,24139.1,24316.7,150,2,24316.6,75,1,24316.4,75,1,24316.3,75,1,24316.2,75,1,24323.7,75,1,24323.8,375,3,24323.9,150,2,24324,75,1,24324.2,150,2
1745813707,2025-04-28 09:45:07,24323.8,0.77,2161575,12272625,4.56,408375,399000,24200.2,24365,24140,24139.1,24316.7,150,2,24316.6,75,1,24316.4,75,1,24316.3,75,1,24316.2,75,1,24323.7,75,1,24323.8,375,3,24323.9,150,2,24324,75,1,24324.2,150,2
1745813708,2025-04-28 09:45:08,24324,0.77,2161800,12272625,4.56,420825,395325,24200.2,24365,24140,24139.1,24319.5,75,1,24318.9,75,1,24318.7,75,1,24318.3,75,1,24318.2,75,1,24325,900,4,24326.5,75,1,24326.6,225,3,24326.7,150,2,24326.8,150,2
1745813709,2025-04-28 09:45:09,24323.5,0.76,2161800,12272625,4.56,420825,395325,24200.2,24365,24140,24139.1,24319.5,75,1,24318.9,75,1,24318.7,75,1,24318.3,75,1,24318.2,75,1,24325,900,4,24326.5,75,1,24326.6,225,3,24326.7,150,2,24326.8,150,2
1745813710,2025-04-28 09:45:10,24323.8,0.77,2162100,12272625,4.56,400350,377700,24200.2,24365,24140,24139.1,24320,375,2,24316.8,75,1,24316.6,75,1,24316.5,150,2,24316.4,150,1,24323.7,300,1,24323.8,75,1,24323.9,375,2,24324,75,1,24324.6,75,1
1745813711,2025-04-28 09:45:11,24320,0.75,2162475,12272625,4.56,418275,388125,24200.2,24365,24140,24139.1,24320,225,3,24318.5,75,1,24318.4,75,1,24318.3,75,1,24318.2,75,1,24323.9,75,1,24324,75,1,24324.9,75,1,24325,900,4,24325.8,75,1
1745813712,2025-04-28 09:45:12,24324,0.77,2162475,12272625,4.56,418275,388125,24200.2,24365,24140,24139.1,24320,225,3,24318.5,75,1,24318.4,75,1,24318.3,75,1,24318.2,75,1,24323.9,75,1,24324,75,1,24324.9,75,1,24325,900,4,24325.8,75,1
1745813713,2025-04-28 09:45:13,24321.9,0.76,2164350,12272625,4.56,416400,357900,24200.2,24365,24140,24139.1,24324,75,1,24322.6,75,1,24322.4,75,1,24321.7,75,1,24321.6,150,2,24328.9,450,2,24329,300,3,24329.1,75,1,24329.9,75,1,24330,225,3
1745813714,2025-04-28 09:45:14,24328.7,0.79,2164350,12272625,4.56,416400,357900,24200.2,24365,24140,24139.1,24324,75,1,24322.6,75,1,24322.4,75,1,24321.7,75,1,24321.6,150,2,24328.9,450,2,24329,300,3,24329.1,75,1,24329.9,75,1,24330,225,3
1745813715,2025-04-28 09:45:15,24328.9,0.79,2164725,12272625,4.56,373800,384225,24200.2,24365,24140,24139.1,24323.5,3000,2,24322.7,75,1,24322.6,75,1,24322.5,75,1,24322.4,75,1,24329,300,3,24329.8,75,1,24329.9,150,2,24330,225,3,24330.7,75,1
1745813716,2025-04-28 09:45:16,24328.1,0.78,2165250,12272625,4.56,392850,396375,24200.2,24365,24140,24139.1,24323.5,2925,2,24321.9,75,1,24321.7,75,1,24321.6,75,1,24321.5,150,2,24328.1,300,2,24328.2,75,1,24328.3,375,2,24328.4,75,1,24328.5,450,3
1745813717,2025-04-28 09:45:17,24328.9,0.79,2165250,12272625,4.56,392850,396375,24200.2,24365,24140,24139.1,24323.5,2925,2,24321.9,75,1,24321.7,75,1,24321.6,75,1,24321.5,150,2,24328.1,300,2,24328.2,75,1,24328.3,375,2,24328.4,75,1,24328.5,450,3
1745813718,2025-04-28 09:45:18,24323.5,0.76,2165625,12272625,4.56,394500,396000,24200.2,24365,24140,24139.1,24323.5,3075,3,24321,75,1,24320,150,2,24319.5,75,1,24319.3,75,1,24325.9,375,1,24326,75,1,24326.1,375,1,24326.3,450,2,24326.6,825,3
1745813719,2025-04-28 09:45:19,24328,0.78,2165625,12272625,4.56,394500,396000,24200.2,24365,24140,24139.1,24323.5,3075,3,24321,75,1,24320,150,2,24319.5,75,1,24319.3,75,1,24325.9,375,1,24326,75,1,24326.1,375,1,24326.3,450,2,24326.6,825,3
1745813720,2025-04-28 09:45:20,24328.6,0.79,2167350,12272625,4.56,417525,388275,24200.2,24365,24140,24139.1,24323.6,225,1,24323.5,2700,2,24323,75,1,24322.8,225,1,24322.2,225,2,24327.1,75,1,24329,150,2,24329.1,75,1,24329.9,150,2,24330,300,4
1745813721,2025-04-28 09:45:21,24330,0.79,2168400,12272625,4.56,424500,388200,24200.2,24365,24140,24139.1,24324.3,150,1,24324,75,1,24323.8,75,1,24323.7,300,2,24323.6,300,3,24329.7,150,2,24331.2,75,1,24331.3,300,2,24331.5,150,2,24331.6,150,1
1745813722,2025-04-28 09:45:22,24331,0.79,2168400,12272625,4.56,424500,388200,24200.2,24365,24140,24139.1,24324.3,150,1,24324,75,1,24323.8,75,1,24323.7,300,2,24323.6,300,3,24329.7,150,2,24331.2,75,1,24331.3,300,2,24331.5,150,2,24331.6,150,1
1745813723,2025-04-28 09:45:23,24331.7,0.8,2169075,12285450,4.67,417525,387600,24200.2,24365,24140,24139.1,24326,150,1,24325.6,150,2,24325.5,300,2,24325.4,75,1,24325.3,75,1,24331.9,75,1,24332,75,1,24332.1,75,1,24332.4,75,1,24332.6,75,1
1745813724,2025-04-28 09:45:24,24330,0.79,2169450,12285450,4.67,422025,398400,24200.2,24365,24140,24139.1,24326,150,1,24325,225,1,24324.1,75,1,24324,150,2,24323.8,75,1,24328.9,75,1,24330.4,75,1,24330.6,75,1,24331.3,75,1,24331.4,75,1
1745813725,2025-04-28 09:45:25,24330,0.79,2169450,12285450,4.67,422025,398400,24200.2,24365,24140,24139.1,24326,150,1,24325,225,1,24324.1,75,1,24324,150,2,24323.8,75,1,24328.9,75,1,24330.4,75,1,24330.6,75,1,24331.3,75,1,24331.4,75,1
1745813726,2025-04-28 09:45:26,24326.1,0.77,2170950,12285450,4.67,369075,402000,24200.2,24365,24140,24139.1,24325,225,1,24323.5,2775,3,24323,75,1,24321,75,1,24320.1,75,1,24326.1,375,1,24326.2,750,2,24326.3,375,1,24326.4,75,1,24327.3,75,1
1745813727,2025-04-28 09:45:27,24325.9,0.77,2170950,12285450,4.67,369075,402000,24200.2,24365,24140,24139.1,24325,225,1,24323.5,2775,3,24323,75,1,24321,75,1,24320.1,75,1,24326.1,375,1,24326.2,750,2,24326.3,375,1,24326.4,75,1,24327.3,75,1
1745813728,2025-04-28 09:45:28,24328.7,0.79,2171550,12285450,4.67,352575,397725,24200.2,24365,24140,24139.1,24325,225,1,24323.5,2775,3,24323,75,1,24321.1,75,1,24321,75,1,24327,375,1,24327.2,750,2,24327.3,75,1,24327.4,375,1,24328.2,75,1
1745813729,2025-04-28 09:45:29,24327.1,0.78,2172150,12285450,4.67,415275,402525,24200.2,24365,24140,24139.1,24325,525,2,24323.5,2775,3,24323,75,1,24321,75,1,24320.1,75,1,24326.2,750,2,24326.3,375,1,24326.4,375,1,24326.6,450,2,24327,75,1
1745813730,2025-04-28 09:45:30,24320,0.75,2172150,12285450,4.67,415275,402525,24200.2,24365,24140,24139.1,24325,525,2,24323.5,2775,3,24323,75,1,24321,75,1,24320.1,75,1,24326.2,750,2,24326.3,375,1,24326.4,375,1,24326.6,450,2,24327,75,1
1745813731,2025-04-28 09:45:31,24321.5,0.76,2177625,12285450,4.67,408150,369525,24200.2,24365,24140,24139.1,24315,600,2,24314.4,75,1,24314.3,75,1,24314.2,75,1,24314.1,75,1,24321.5,525,3,24321.6,450,2,24321.7,375,3,24321.8,75,1,24321.9,150,2
1745813732,2025-04-28 09:45:32,24321.5,0.76,2177625,12285450,4.67,408150,369525,24200.2,24365,24140,24139.1,24315,600,2,24314.4,75,1,24314.3,75,1,24314.2,75,1,24314.1,75,1,24321.5,525,3,24321.6,450,2,24321.7,375,3,24321.8,75,1,24321.9,150,2
1745813733,2025-04-28 09:45:33,24321.9,0.76,2177925,12285450,4.67,401850,398550,24200.2,24365,24140,24139.1,24315.7,75,1,24315.5,75,1,24315.1,525,2,24315,150,1,24314.9,75,1,24321.7,75,1,24322.3,75,1,24322.4,150,2,24322.5,75,1,24323,75,1
1745813734,2025-04-28 09:45:34,24321.8,0.76,2178375,12285450,4.67,383850,398250,24200.2,24365,24140,24139.1,24320,75,1,24316.6,75,1,24315.7,750,2,24315,150,1,24314.4,75,1,24321,375,1,24321.2,300,2,24321.3,375,1,24321.5,150,1,24321.9,150,1
1745813735,2025-04-28 09:45:35,24321.8,0.76,2178375,12285450,4.67,383850,398250,24200.2,24365,24140,24139.1,24320,75,1,24316.6,75,1,24315.7,750,2,24315,150,1,24314.4,75,1,24321,375,1,24321.2,300,2,24321.3,375,1,24321.5,150,1,24321.9,150,1
1745813736,2025-04-28 09:45:36,24319.7,0.75,2181075,12285450,4.67,378075,376350,24200.2,24365,24140,24139.1,24315,150,1,24313.3,75,1,24313.2,225,3,24313.1,150,2,24313,150,2,24319.9,150,1,24320.5,75,1,24320.6,75,1,24321.3,75,1,24321.4,75,1
1745813737,2025-04-28 09:45:37,24319.7,0.75,2181075,12285450,4.67,378075,376350,24200.2,24365,24140,24139.1,24315,150,1,24313.3,75,1,24313.2,225,3,24313.1,150,2,24313,150,2,24319.9,150,1,24320.5,75,1,24320.6,75,1,24321.3,75,1,24321.4,75,1
1745813738,2025-04-28 09:45:38,24318.6,0.74,2181150,12285450,4.67,378300,400875,24200.2,24365,24140,24139.1,24315,150,1,24312,375,1,24311.3,150,1,24311.1,75,1,24310.6,75,1,24317.3,75,1,24317.9,825,3,24318,900,4,24318.1,75,1,24318.3,375,1
1745813739,2025-04-28 09:45:39,24312,0.72,2181975,12285450,4.67,410400,391950,24200.2,24365,24140,24139.1,24312,150,1,24310.3,150,1,24310.2,75,1,24310,750,8,24309.3,75,1,24313.6,75,1,24314.5,75,1,24314.6,75,1,24316.7,75,1,24316.8,75,1
1745813740,2025-04-28 09:45:40,24313.6,0.72,2181975,12285450,4.67,410400,391950,24200.2,24365,24140,24139.1,24312,150,1,24310.3,150,1,24310.2,75,1,24310,750,8,24309.3,75,1,24313.6,75,1,24314.5,75,1,24314.6,75,1,24316.7,75,1,24316.8,75,1
1745813741,2025-04-28 09:45:41,24312,0.72,2182350,12285450,4.67,420150,347550,24200.2,24365,24140,24139.1,24310.7,375,3,24310.6,150,2,24310.5,375,4,24310.4,225,2,24310.3,375,3,24314,75,1,24317.6,75,1,24317.7,225,1,24318.3,75,1,24318.4,375,1
1745813742,2025-04-28 09:45:42,24314,0.72,2182350,12285450,4.67,420150,347550,24200.2,24365,24140,24139.1,24310.7,375,3,24310.6,150,2,24310.5,375,4,24310.4,225,2,24310.3,375,3,24314,75,1,24317.6,75,1,24317.7,225,1,24318.3,75,1,24318.4,375,1
1745813743,2025-04-28 09:45:43,24311.7,0.72,2183100,12285450,4.67,417750,392925,24200.2,24365,24140,24139.1,24311.5,225,2,24311.4,150,2,24311.2,75,1,24311.1,75,1,24310.9,75,1,24317.7,75,1,24319.3,75,1,24319.4,225,3,24319.5,150,1,24319.7,75,1
1745813744,2025-04-28 09:45:44,24317.8,0.74,2183550,12285450,4.67,413250,392850,24200.2,24365,24140,24139.1,24311.1,75,1,24310.9,225,2,24310.3,375,3,24310.2,300,2,24310.1,75,1,24317.3,150,2,24317.4,375,2,24317.5,75,1,24317.6,375,2,24317.7,75,1
1745813745,2025-04-28 09:45:45,24317.8,0.74,2183550,12285450,4.67,413250,392850,24200.2,24365,24140,24139.1,24311.1,75,1,24310.9,225,2,24310.3,375,3,24310.2,300,2,24310.1,75,1,24317.3,150,2,24317.4,375,2,24317.5,75,1,24317.6,375,2,24317.7,75,1
1745813746,2025-04-28 09:45:46,24317.3,0.74,2183775,12285450,4.67,406575,355650,24200.2,24365,24140,24139.1,24311.2,225,2,24311,75,1,24310.7,225,1,24310.6,75,1,24310.5,375,4,24317.9,450,3,24318,375,2,24318.1,375,2,24318.2,375,2,24318.3,75,1
1745813747,2025-04-28 09:45:47,24311.3,0.71,2183775,12285450,4.67,406575,355650,24200.2,24365,24140,24139.1,24311.2,225,2,24311,75,1,24310.7,225,1,24310.6,75,1,24310.5,375,4,24317.9,450,3,24318,375,2,24318.1,375,2,24318.2,375,2,24318.3,75,1
1745813748,2025-04-28 09:45:48,24314.9,0.73,2184675,12285450,4.67,423975,361125,24200.2,24365,24140,24139.1,24314.7,75,1,24314.6,150,1,24314.4,75,1,24314.3,75,1,24314.1,75,1,24320,225,3,24321.5,75,1,24321.7,150,2,24322.1,75,1,24322.4,75,1
1745813749,2025-04-28 09:45:49,24320,0.75,2184900,12285450,4.67,421725,385950,24200.2,24365,24140,24139.1,24319,75,1,24318.9,450,1,24317.8,75,1,24317.7,75,1,24317.6,150,1,24321.5,75,1,24321.7,75,1,24321.8,75,1,24322.1,75,1,24324.8,75,1
1745813750,2025-04-28 09:45:50,24321.5,0.76,2184900,12285450,4.67,421725,385950,24200.2,24365,24140,24139.1,24319,75,1,24318.9,450,1,24317.8,75,1,24317.7,75,1,24317.6,150,1,24321.5,75,1,24321.7,75,1,24321.8,75,1,24322.1,75,1,24324.8,75,1
1745813751,2025-04-28 09:45:51,24325,0.77,2186250,12285450,4.67,419175,363150,24200.2,24365,24140,24139.1,24321.2,75,1,24320.6,75,1,24320.5,225,3,24320.4,300,3,24320.3,75,1,24325,450,2,24326.7,225,1,24327,75,1,24328.1,75,1,24328.2,75,1
1745813752,2025-04-28 09:45:52,24321.2,0.75,2186250,12285450,4.67,419175,363150,24200.2,24365,24140,24139.1,24321.2,75,1,24320.6,75,1,24320.5,225,3,24320.4,300,3,24320.3,75,1,24325,450,2,24326.7,225,1,24327,75,1,24328.1,75,1,24328.2,75,1
1745813753,2025-04-28 09:45:53,24325,0.77,2186475,12285450,4.67,370800,394500,24200.2,24365,24140,24139.1,24319.1,225,2,24319,150,2,24318.9,525,2,24318.8,75,1,24317.7,75,1,24325,375,2,24326.3,75,1,24326.4,225,2,24326.6,75,1,24326.7,225,1
1745813754,2025-04-28 09:45:54,24325,0.77,2186475,12285450,4.67,421125,393450,24200.2,24365,24140,24139.1,24321.5,75,1,24319.2,75,1,24319.1,150,2,24319,150,2,24318.9,450,1,24325,525,3,24326.3,75,1,24326.4,150,2,24326.6,75,1,24326.7,225,1
1745813755,2025-04-28 09:45:55,24325,0.77,2186475,12285450,4.67,421125,393450,24200.2,24365,24140,24139.1,24321.5,75,1,24319.2,75,1,24319.1,150,2,24319,150,2,24318.9,450,1,24325,525,3,24326.3,75,1,24326.4,150,2,24326.6,75,1,24326.7,225,1
1745813756,2025-04-28 09:45:56,24325,0.77,2186550,12285450,4.67,405900,392850,24200.2,24365,24140,24139.1,24322,75,1,24321.5,75,1,24319.6,75,1,24319.5,75,1,24319.4,75,1,24325,600,4,24326.4,75,1,24326.5,75,1,24326.6,75,1,24326.7,450,2
1745813757,2025-04-28 09:45:57,24325,0.77,2186550,12285450,4.67,405900,392850,24200.2,24365,24140,24139.1,24322,75,1,24321.5,75,1,24319.6,75,1,24319.5,75,1,24319.4,75,1,24325,600,4,24326.4,75,1,24326.5,75,1,24326.6,75,1,24326.7,450,2
1745813758,2025-04-28 09:45:58,24326.7,0.78,2186625,12285450,4.67,419400,396750,24200.2,24365,24140,24139.1,24322,75,1,24321.5,75,1,24321,75,1,24320.2,225,2,24320.1,75,1,24325,675,6,24326.7,225,1,24326.8,75,1,24327,75,1,24327.9,75,1
1745813759,2025-04-28 09:45:59,24327,0.78,2187600,12285450,4.67,409725,382950,24200.2,24365,24140,24139.1,24322,150,2,24321.5,75,1,24321,150,2,24320.5,75,1,24320.4,150,2,24327.5,375,2,24327.6,75,1,24327.7,150,2,24327.8,225,1,24328,150,2
1745813760,2025-04-28 09:46:00,24327,0.78,2187600,12285450,4.67,409725,382950,24200.2,24365,24140,24139.1,24322,150,2,24321.5,75,1,24321,150,2,24320.5,75,1,24320.4,150,2,24327.5,375,2,24327.6,75,1,24327.7,150,2,24327.8,225,1,24328,150,2
1745813761,2025-04-28 09:46:01,24322,0.76,2187900,12285450,4.67,407700,381900,24200.2,24365,24140,24139.1,24324,3075,3,24321.9,75,1,24321.8,75,1,24321.6,75,1,24321.5,75,1,24328.7,300,2,24328.9,75,1,24329,75,1,24329.3,75,1,24329.4,150,2
1745813762,2025-04-28 09:46:02,24322,0.76,2187900,12285450,4.67,407700,381900,24200.2,24365,24140,24139.1,24324,3075,3,24321.9,75,1,24321.8,75,1,24321.6,75,1,24321.5,75,1,24328.7,300,2,24328.9,75,1,24329,75,1,24329.3,75,1,24329.4,150,2
1745813763,2025-04-28 09:46:03,24325,0.77,2188425,12285450,4.67,418725,395475,24200.2,24365,24140,24139.1,24325,375,2,24324,2625,2,24323.6,75,1,24323.4,75,1,24323.3,75,1,24327,75,1,24328.7,75,1,24328.9,75,1,24329,75,1,24329.9,75,1
1745813764,2025-04-28 09:46:04,24328.4,0.78,2189025,12285450,4.67,408675,394725,24200.2,24365,24140,24139.1,24325,375,2,24324,2625,2,24323.3,75,1,24323.2,75,1,24323.1,150,2,24328.9,75,1,24329.9,75,1,24330,225,3,24330.3,75,1,24330.7,75,1
1745813765,2025-04-28 09:46:05,24328.4,0.78,2189025,12285450,4.67,408675,394725,24200.2,24365,24140,24139.1,24325,375,2,24324,2625,2,24323.3,75,1,24323.2,75,1,24323.1,150,2,24328.9,75,1,24329.9,75,1,24330,225,3,24330.3,75,1,24330.7,75,1
1745813766,2025-04-28 09:46:06,24325,0.77,2189175,12285450,4.67,415200,399750,24200.2,24365,24140,24139.1,24325,225,2,24324,2625,2,24322,450,1,24321.5,75,1,24321,75,1,24327.4,300,1,24327.5,975,3,24327.6,300,1,24327.7,450,2,24327.8,75,1
1745813767,2025-04-28 09:46:07,24327.4,0.78,2189325,12285450,4.67,421950,393825,24200.2,24365,24140,24139.1,24325,225,2,24324,2625,2,24323,75,1,24322,450,1,24321.6,150,2,24327.5,75,1,24328.4,225,1,24328.5,75,1,24328.6,375,2,24328.9,75,1
1745813768,2025-04-28 09:46:08,24324,0.77,2189325,12285450,4.67,421950,393825,24200.2,24365,24140,24139.1,24325,225,2,24324,2625,2,24323,75,1,24322,450,1,24321.6,150,2,24327.5,75,1,24328.4,225,1,24328.5,75,1,24328.6,375,2,24328.9,75,1
1745813769,2025-04-28 09:46:09,24327.9,0.78,2190150,12285450,4.67,410775,397800,24200.2,24365,24140,24139.1,24325,150,2,24324,2475,2,24323,75,1,24322,450,1,24321.5,150,2,24327.9,300,1,24328.2,600,2,24328.3,450,2,24328.5,525,2,24328.6,75,1
1745813770,2025-04-28 09:46:10,24327.6,0.78,2190150,12285450,4.67,410775,397800,24200.2,24365,24140,24139.1,24325,150,2,24324,2475,2,24323,75,1,24322,450,1,24321.5,150,2,24327.9,300,1,24328.2,600,2,24328.3,450,2,24328.5,525,2,24328.6,75,1
1745813771,2025-04-28 09:46:11,24324,0.77,2191275,12285450,4.67,421125,377700,24200.2,24365,24140,24139.1,24324,2400,2,24323,225,2,24322.7,75,1,24322.6,75,1,24322.5,75,1,24329.1,75,1,24329.9,150,2,24330,375,5,24330.1,300,2,24330.3,300,3
1745813772,2025-04-28 09:46:12,24327.5,0.78,2191275,12285450,4.67,421125,377700,24200.2,24365,24140,24139.1,24324,2400,2,24323,225,2,24322.7,75,1,24322.6,75,1,24322.5,75,1,24329.1,75,1,24329.9,150,2,24330,375,5,24330.1,300,2,24330.3,300,3
1745813773,2025-04-28 09:46:13,24324,0.77,2191425,12285450,4.67,421125,392925,24200.2,24365,24140,24139.1,24324,2400,2,24323,75,1,24322.4,75,1,24322.3,225,2,24322.2,75,1,24329,75,1,24329.1,450,3,24329.2,75,1,24329.3,300,1,24329.4,75,1
1745813774,2025-04-28 09:46:14,24324,0.77,2191500,12285450,4.67,420150,390975,24200.2,24365,24140,24139.1,24326,300,1,24325.9,375,2,24325.8,450,3,24325.7,300,1,24325.6,75,1,24329.9,75,1,24330,150,2,24330.3,75,1,24332,75,1,24332.6,75,1
1745813775,2025-04-28 09:46:15,24328.3,0.78,2191500,12285450,4.67,420150,390975,24200.2,24365,24140,24139.1,24326,300,1,24325.9,375,2,24325.8,450,3,24325.7,300,1,24325.6,75,1,24329.9,75,1,24330,150,2,24330.3,75,1,24332,75,1,24332.6,75,1
1745813776,2025-04-28 09:46:16,24326.1,0.77,2192025,12285450,4.67,424800,392550,24200.2,24365,24140,24139.1,24329.9,150,1,24328.3,75,1,24328.2,150,2,24328.1,225,3,24328,150,2,24333,225,3,24334,75,1,24334.1,75,1,24335,225,2,24335.6,300,2
1745813777,2025-04-28 09:46:17,24326.8,0.78,2192025,12285450,4.67,424800,392550,24200.2,24365,24140,24139.1,24329.9,150,1,24328.3,75,1,24328.2,150,2,24328.1,225,3,24328,150,2,24333,225,3,24334,75,1,24334.1,75,1,24335,225,2,24335.6,300,2
1745813778,2025-04-28 09:46:18,24327,0.78,2193450,12285450,4.67,424275,364875,24200.2,24365,24140,24139.1,24327.2,150,1,24326.6,75,1,24326.5,75,1,24326.4,75,1,24326.3,450,2,24330.3,300,1,24331,450,1,24332,75,1,24333,225,3,24333.9,75,1
1745813779,2025-04-28 09:46:19,24330.3,0.79,2193750,12285450,4.67,424575,373650,24200.2,24365,24140,24139.1,24326,825,4,24325.9,225,1,24325.8,525,3,24325.7,300,2,24325.6,450,3,24330.3,150,1,24331,450,1,24332,75,1,24332.8,75,1,24333,225,3
1745813780,2025-04-28 09:46:20,24330.3,0.79,2193750,12285450,4.67,424575,373650,24200.2,24365,24140,24139.1,24326,825,4,24325.9,225,1,24325.8,525,3,24325.7,300,2,24325.6,450,3,24330.3,150,1,24331,450,1,24332,75,1,24332.8,75,1,24333,225,3
1745813781,2025-04-28 09:46:21,24326,0.77,2193975,12285450,4.67,424350,375900,24200.2,24365,24140,24139.1,24326.1,525,2,24326,150,2,24325.9,75,1,24325.7,450,2,24325.5,450,2,24330.3,150,1,24331,450,1,24332,75,1,24332.7,75,1,24333,225,3
1745813782,2025-04-28 09:46:22,24325,0.77,2193975,12285450,4.67,424350,375900,24200.2,24365,24140,24139.1,24326.1,525,2,24326,150,2,24325.9,75,1,24325.7,450,2,24325.5,450,2,24330.3,150,1,24331,450,1,24332,75,1,24332.7,75,1,24333,225,3
1745813783,2025-04-28 09:46:23,24325,0.77,2194200,12285450,4.67,411075,403050,24200.2,24365,24140,24139.1,24324,2325,2,24323,75,1,24322.1,150,1,24322,525,2,24321.8,75,1,24328.2,75,1,24328.9,150,2,24329,375,3,24329.1,225,3,24329.3,75,1
1745813784,2025-04-28 09:46:24,24324,0.77,2194275,12285450,4.67,358800,403275,24200.2,24365,24140,24139.1,24324,2250,2,24323,75,1,24322,525,2,24321.5,75,1,24320.1,75,1,24325.9,75,1,24327.2,75,1,24327.3,225,3,24327.4,150,2,24327.5,150,2
1745813785,2025-04-28 09:46:25,24325.5,0.77,2194275,12285450,4.67,358800,403275,24200.2,24365,24140,24139.1,24324,2250,2,24323,75,1,24322,525,2,24321.5,75,1,24320.1,75,1,24325.9,75,1,24327.2,75,1,24327.3,225,3,24327.4,150,2,24327.5,150,2
1745813786,2025-04-28 09:46:26,24325.5,0.77,2195100,12285450,4.67,418200,386700,24200.2,24365,24140,24139.1,24324,1500,2,24323,75,1,24322,525,2,24321.5,75,1,24320,75,1,24325,150,1,24326,75,1,24326.1,75,1,24327.4,75,1,24327.5,75,1
1745813787,2025-04-28 09:46:27,24330.3,0.79,2195100,12285450,4.67,418200,386700,24200.2,24365,24140,24139.1,24324,1500,2,24323,75,1,24322,525,2,24321.5,75,1,24320,75,1,24325,150,1,24326,75,1,24326.1,75,1,24327.4,75,1,24327.5,75,1
1745813788,2025-04-28 09:46:28,24330.3,0.79,2195625,12285450,4.67,411225,399375,24200.2,24365,24140,24139.1,24324,1800,3,24323,75,1,24322.6,225,2,24322.4,75,1,24322.3,75,1,24329.8,75,1,24329.9,225,2,24330,75,1,24330.1,225,3,24330.2,150,2
1745813789,2025-04-28 09:46:29,24326,0.77,2195625,12285450,4.67,425550,386475,24200.2,24365,24140,24139.1,24324,1800,3,24323,75,1,24322,525,2,24321.6,75,1,24321.5,75,1,24326,75,1,24329,300,4,24329.1,300,4,24329.2,150,2,24329.3,75,1
1745813790,2025-04-28 09:46:30,24326,0.77,2195625,12285450,4.67,425550,386475,24200.2,24365,24140,24139.1,24324,1800,3,24323,75,1,24322,525,2,24321.6,75,1,24321.5,75,1,24326,75,1,24329,300,4,24329.1,300,4,24329.2,150,2,24329.3,75,1
1745813791,2025-04-28 09:46:31,24328.6,0.79,2195775,12285450,4.67,422925,400800,24200.2,24365,24140,24139.1,24324,1500,2,24323,75,1,24322,525,2,24321.5,75,1,24321.2,225,2,24328.8,150,2,24328.9,375,4,24329,600,4,24329.1,975,5,24329.2,150,2
1745813792,2025-04-28 09:46:32,24326,0.77,2195775,12285450,4.67,422925,400800,24200.2,24365,24140,24139.1,24324,1500,2,24323,75,1,24322,525,2,24321.5,75,1,24321.2,225,2,24328.8,150,2,24328.9,375,4,24329,600,4,24329.1,975,5,24329.2,150,2
1745813793,2025-04-28 09:46:33,24326,0.77,2196150,12285450,4.67,424275,397125,24200.2,24365,24140,24139.1,24324,1500,2,24323,75,1,24322.1,75,1,24322,525,2,24321.5,75,1,24328.1,75,1,24328.7,225,1,24328.8,75,1,24329,75,1,24329.1,75,1
1745813794,2025-04-28 09:46:34,24327.6,0.78,2196225,12285450,4.67,424650,398775,24200.2,24365,24140,24139.1,24324,1575,3,24322.1,75,1,24322,525,2,24321.9,150,1,24321.6,75,1,24327.6,75,1,24328.9,75,1,24329,75,1,24329.1,150,2,24329.2,300,2
1745813795,2025-04-28 09:46:35,24329.1,0.79,2196225,12285450,4.67,424650,398775,24200.2,24365,24140,24139.1,24324,1575,3,24322.1,75,1,24322,525,2,24321.9,150,1,24321.6,75,1,24327.6,75,1,24328.9,75,1,24329,75,1,24329.1,150,2,24329.2,300,2
1745813796,2025-04-28 09:46:36,24329.8,0.79,2196450,12285450,4.67,429750,375450,24200.2,24365,24140,24139.1,24325.5,75,1,24325,75,1,24324.5,75,1,24324.4,75,1,24324.3,75,1,24329.8,75,1,24330,150,2,24330.1,75,1,24330.3,75,1,24331,450,1
1745813797,2025-04-28 09:46:37,24329.8,0.79,2196450,12285450,4.67,429750,375450,24200.2,24365,24140,24139.1,24325.5,75,1,24325,75,1,24324.5,75,1,24324.4,75,1,24324.3,75,1,24329.8,75,1,24330,150,2,24330.1,75,1,24330.3,75,1,24331,450,1
1745813798,2025-04-28 09:46:38,24330.3,0.79,2196600,12285450,4.67,428775,388425,24200.2,24365,24140,24139.1,24326.8,375,1,24326.7,75,1,24326.6,375,1,24326.4,75,1,24326,600,2,24330,150,2,24330.3,75,1,24331,450,1,24332,225,3,24333,300,4
1745813799,2025-04-28 09:46:39,24331,0.79,2197275,12285450,4.67,429825,346275,24200.2,24365,24140,24139.1,24329.4,150,1,24329.3,225,3,24329.2,75,1,24329.1,75,1,24329,75,1,24332,225,3,24333,300,4,24334,75,1,24335,375,3,24336,75,1
1745813800,2025-04-28 09:46:40,24330,0.79,2197275,12285450,4.67,429825,346275,24200.2,24365,24140,24139.1,24329.4,150,1,24329.3,225,3,24329.2,75,1,24329.1,75,1,24329,75,1,24332,225,3,24333,300,4,24334,75,1,24335,375,3,24336,75,1
1745813801,2025-04-28 09:46:41,24329,0.79,2198025,12285450,4.67,352575,402225,24200.2,24365,24140,24139.1,24329,75,1,24328.6,75,1,24327.1,75,1,24327,75,1,24326.8,75,1,24334.3,450,3,24334.4,675,4,24334.5,1125,6,24334.6,375,2,24334.7,375,2
1745813802,2025-04-28 09:46:42,24327.5,0.78,2198025,12285450,4.67,352575,402225,24200.2,24365,24140,24139.1,24329,75,1,24328.6,75,1,24327.1,75,1,24327,75,1,24326.8,75,1,24334.3,450,3,24334.4,675,4,24334.5,1125,6,24334.6,375,2,24334.7,375,2
1745813803,2025-04-28 09:46:43,24334.9,0.81,2198550,12285450,4.67,425775,393975,24200.2,24365,24140,24139.1,24326.5,675,4,24326.4,225,2,24326.3,75,1,24326.2,75,1,24326.1,150,2,24334.3,75,1,24334.4,300,1,24334.6,75,1,24334.7,150,2,24334.8,225,1
1745813804,2025-04-28 09:46:44,24335,0.81,2198775,12285450,4.67,425550,398250,24200.2,24365,24140,24139.1,24327.9,150,1,24327.8,525,2,24327.5,375,1,24327.4,75,1,24327.3,75,1,24334.7,450,3,24334.8,750,5,24334.9,450,3,24335,750,5,24335.1,150,2
1745813805,2025-04-28 09:46:45,24330,0.79,2198775,12285450,4.67,425550,398250,24200.2,24365,24140,24139.1,24327.9,150,1,24327.8,525,2,24327.5,375,1,24327.4,75,1,24327.3,75,1,24334.7,450,3,24334.8,750,5,24334.9,450,3,24335,750,5,24335.1,150,2
1745813806,2025-04-28 09:46:46,24334,0.81,2199525,12285450,4.67,407400,396600,24200.2,24365,24140,24139.1,24326.9,150,2,24326.8,525,3,24326.7,150,2,24326.6,375,1,24326.3,75,1,24333.9,450,2,24334,300,2,24334.1,600,3,24334.2,675,4,24334.3,750,3
1745813807,2025-04-28 09:46:47,24328.6,0.79,2199525,12285450,4.67,407400,396600,24200.2,24365,24140,24139.1,24326.9,150,2,24326.8,525,3,24326.7,150,2,24326.6,375,1,24326.3,75,1,24333.9,450,2,24334,300,2,24334.1,600,3,24334.2,675,4,24334.3,750,3
1745813808,2025-04-28 09:46:48,24328.9,0.79,2199750,12285450,4.67,433725,389400,24200.2,24365,24140,24139.1,24328.9,150,2,24328.8,300,3,24328.7,150,2,24328.6,75,1,24328.5,75,1,24335,300,3,24336,75,1,24336.1,75,1,24336.3,75,1,24336.4,75,1
1745813809,2025-04-28 09:46:49,24328.9,0.79,2199900,12285450,4.67,427275,394050,24200.2,24365,24140,24139.1,24329.1,450,3,24329,450,3,24328.9,150,2,24328.8,525,3,24328.7,150,2,24335,375,4,24336,75,1,24336.1,75,1,24336.3,75,1,24336.5,150,1
1745813810,2025-04-28 09:46:50,24328.9,0.79,2199900,12285450,4.67,427275,394050,24200.2,24365,24140,24139.1,24329.1,450,3,24329,450,3,24328.9,150,2,24328.8,525,3,24328.7,150,2,24335,375,4,24336,75,1,24336.1,75,1,24336.3,75,1,24336.5,150,1
1745813811,2025-04-28 09:46:51,24330.4,0.79,2199975,12285450,4.67,428400,392475,24200.2,24365,24140,24139.1,24330,75,1,24329.9,525,3,24329.8,75,1,24329.7,75,1,24329.6,75,1,24335,375,4,24336,75,1,24336.3,75,1,24337.2,150,2,24337.3,150,1
1745813812,2025-04-28 09:46:52,24335,0.81,2200200,12285450,4.67,378675,395700,24200.2,24365,24140,24139.1,24330,75,1,24329.1,75,1,24329,150,2,24328.9,150,2,24328.6,150,1,24334.6,75,1,24335,225,3,24335.1,75,1,24336,75,1,24336.3,75,1
1745813813,2025-04-28 09:46:53,24335,0.81,2200200,12285450,4.67,378675,395700,24200.2,24365,24140,24139.1,24330,75,1,24329.1,75,1,24329,150,2,24328.9,150,2,24328.6,150,1,24334.6,75,1,24335,225,3,24335.1,75,1,24336,75,1,24336.3,75,1
1745813814,2025-04-28 09:46:54,24330.9,0.79,2200575,12285450,4.67,424350,391050,24200.2,24365,24140,24139.1,24330.9,225,1,24330.7,75,1,24330.6,450,2,24330.1,150,1,24330,450,3,24335,150,2,24336,75,1,24336.3,75,1,24337,75,1,24337.8,75,1
1745813815,2025-04-28 09:46:55,24331.7,0.8,2200575,12285450,4.67,424350,391050,24200.2,24365,24140,24139.1,24330.9,225,1,24330.7,75,1,24330.6,450,2,24330.1,150,1,24330,450,3,24335,150,2,24336,75,1,24336.3,75,1,24337,75,1,24337.8,75,1
1745813816,2025-04-28 09:46:56,24333.1,0.8,2201475,12285450,4.67,435525,385350,24200.2,24365,24140,24139.1,24332.6,525,3,24332.5,525,3,24332.4,375,2,24332.3,600,4,24332.2,750,3,24339,225,3,24339.9,75,1,24340,975,11,24340.1,225,2,24340.2,75,1
1745813817,2025-04-28 09:46:57,24339.9,0.83,2201925,12285450,4.67,430800,393750,24200.2,24365,24140,24139.1,24333.5,375,2,24333.4,375,1,24333.2,600,2,24333.1,375,3,24333,300,1,24339.9,75,1,24340,975,11,24340.1,75,1,24340.2,75,1,24340.3,75,1
1745813818,2025-04-28 09:46:58,24339.9,0.83,2201925,12285450,4.67,430800,393750,24200.2,24365,24140,24139.1,24333.5,375,2,24333.4,375,1,24333.2,600,2,24333.1,375,3,24333,300,1,24339.9,75,1,24340,975,11,24340.1,75,1,24340.2,75,1,24340.3,75,1
1745813819,2025-04-28 09:46:59,24339,0.83,2202075,12285450,4.67,426825,388050,24200.2,24365,24140,24139.1,24334.2,375,1,24333.7,150,1,24333.5,300,1,24333.4,75,1,24333.2,75,1,24340,1200,11,24340.5,150,2,24340.6,75,1,24340.7,75,1,24341.1,75,1
1745813820,2025-04-28 09:47:00,24338.1,0.82,2202075,12285450,4.67,426825,388050,24200.2,24365,24140,24139.1,24334.2,375,1,24333.7,150,1,24333.5,300,1,24333.4,75,1,24333.2,75,1,24340,1200,11,24340.5,150,2,24340.6,75,1,24340.7,75,1,24341.1,75,1
1745813821,2025-04-28 09:47:01,24334.2,0.81,2202375,12285450,4.67,408750,398325,24200.2,24365,24140,24139.1,24334.2,300,2,24330.2,75,1,24330.1,300,3,24330,150,2,24329.9,75,1,24337.5,150,2,24337.6,150,2,24337.7,75,1,24337.9,75,1,24338,75,1
1745813822,2025-04-28 09:47:02,24335,0.81,2202675,12285450,4.67,423600,330750,24200.2,24365,24140,24139.1,24334.2,150,2,24331.7,75,1,24331.6,225,2,24330.9,150,1,24330.8,75,1,24337.5,75,1,24338,75,1,24338.1,75,1,24338.8,75,1,24338.9,150,2
1745813823,2025-04-28 09:47:03,24339.5,0.83,2202675,12285450,4.67,423600,330750,24200.2,24365,24140,24139.1,24334.2,150,2,24331.7,75,1,24331.6,225,2,24330.9,150,1,24330.8,75,1,24337.5,75,1,24338,75,1,24338.1,75,1,24338.8,75,1,24338.9,150,2
1745813824,2025-04-28 09:47:04,24335,0.81,2202975,12285450,4.67,359700,397125,24200.2,24365,24140,24139.1,24335,150,2,24334.2,300,1,24334,75,1,24330.2,75,1,24330.1,150,2,24337.5,75,1,24337.6,150,2,24337.7,75,1,24337.8,75,1,24337.9,75,1
1745813825,2025-04-28 09:47:05,24334,0.81,2202975,12285450,4.67,359700,397125,24200.2,24365,24140,24139.1,24335,150,2,24334.2,300,1,24334,75,1,24330.2,75,1,24330.1,150,2,24337.5,75,1,24337.6,150,2,24337.7,75,1,24337.8,75,1,24337.9,75,1
1745813826,2025-04-28 09:47:06,24333.5,0.81,2205975,12285450,4.67,408750,396750,24200.2,24365,24140,24139.1,24330,150,2,24329,75,1,24328.9,75,1,24327.2,75,1,24327.1,150,2,24334.3,75,1,24334.5,600,3,24334.6,75,1,24334.7,900,3,24334.8,150,1
1745813828,2025-04-28 09:47:08,24333.5,0.81,2209800,12285450,4.67,422325,362100,24200.2,24365,24140,24139.1,24330,150,2,24329,75,1,24328.9,75,1,24326.9,75,1,24326.8,75,1,24333.5,75,1,24334.5,75,1,24334.6,150,2,24334.7,375,1,24334.8,225,2
1745813828,2025-04-28 09:47:08,24333.5,0.81,2209800,12285450,4.67,422325,362100,24200.2,24365,24140,24139.1,24330,150,2,24329,75,1,24328.9,75,1,24326.9,75,1,24326.8,75,1,24333.5,75,1,24334.5,75,1,24334.6,150,2,24334.7,375,1,24334.8,225,2
1745813829,2025-04-28 09:47:09,24333.5,0.81,2211450,12285450,4.67,420000,390450,24200.2,24365,24140,24139.1,24330,150,2,24329,75,1,24328.9,75,1,24326.8,75,1,24326.5,75,1,24333.6,150,1,24334,450,2,24334.1,150,2,24334.4,75,1,24334.5,525,3
1745813830,2025-04-28 09:47:10,24333.4,0.8,2211450,12285450,4.67,420000,390450,24200.2,24365,24140,24139.1,24330,150,2,24329,75,1,24328.9,75,1,24326.8,75,1,24326.5,75,1,24333.6,150,1,24334,450,2,24334.1,150,2,24334.4,75,1,24334.5,525,3
1745813831,2025-04-28 09:47:11,24333.4,0.8,2213775,12285450,4.67,419325,387375,24200.2,24365,24140,24139.1,24330,225,3,24329,75,1,24328.9,75,1,24325.6,150,2,24325.5,150,2,24332.6,75,1,24333.2,150,1,24333.4,75,1,24333.7,150,1,24333.8,450,2
1745813832,2025-04-28 09:47:12,24330,0.79,2213925,12285450,4.67,392700,392625,24200.2,24365,24140,24139.1,24330,75,1,24329,75,1,24328.9,75,1,24325.5,75,1,24325.4,75,1,24332.1,75,1,24332.3,825,4,24332.4,150,2,24332.9,4350,15,24333,75,1
1745813833,2025-04-28 09:47:13,24331.8,0.8,2213925,12285450,4.67,392700,392625,24200.2,24365,24140,24139.1,24330,75,1,24329,75,1,24328.9,75,1,24325.5,75,1,24325.4,75,1,24332.1,75,1,24332.3,825,4,24332.4,150,2,24332.9,4350,15,24333,75,1
1745813834,2025-04-28 09:47:14,24329,0.79,2215050,12285450,4.67,424050,384150,24200.2,24365,24140,24139.1,24330,1500,1,24327.7,150,1,24326.9,75,1,24326.8,75,1,24326.5,75,1,24333.4,75,1,24334.4,225,2,24334.7,375,1,24334.8,75,1,24334.9,300,2
1745813835,2025-04-28 09:47:15,24333.4,0.8,2215050,12285450,4.67,424050,384150,24200.2,24365,24140,24139.1,24330,1500,1,24327.7,150,1,24326.9,75,1,24326.8,75,1,24326.5,75,1,24333.4,75,1,24334.4,225,2,24334.7,375,1,24334.8,75,1,24334.9,300,2
1745813836,2025-04-28 09:47:16,24333.4,0.8,2215350,12285450,4.67,415200,392625,24200.2,24365,24140,24139.1,24330.1,225,2,24330,1500,1,24326.5,75,1,24326.3,75,1,24326.2,75,1,24333.6,300,1,24333.7,375,1,24333.8,450,2,24333.9,2625,10,24334,750,2
1745813837,2025-04-28 09:47:17,24330.1,0.79,2215500,12285450,4.67,424725,395325,24200.2,24365,24140,24139.1,24330.1,75,1,24330,1575,2,24328,75,1,24326.9,75,1,24326.8,75,1,24334.3,675,3,24334.4,1200,4,24334.5,2025,9,24334.6,2325,8,24334.7,75,1
1745813838,2025-04-28 09:47:18,24330.1,0.79,2215500,12285450,4.67,424725,395325,24200.2,24365,24140,24139.1,24330.1,75,1,24330,1575,2,24328,75,1,24326.9,75,1,24326.8,75,1,24334.3,675,3,24334.4,1200,4,24334.5,2025,9,24334.6,2325,8,24334.7,75,1
1745813839,2025-04-28 09:47:19,24336.1,0.82,2215650,12285450,4.67,429150,369375,24200.2,24365,24140,24139.1,24330.1,150,1,24330,1575,2,24329.3,150,1,24328.6,225,2,24328.5,75,1,24335,75,1,24335.6,150,1,24336.1,375,1,24336.2,1050,4,24336.3,150,1
1745813840,2025-04-28 09:47:20,24330,0.79,2215650,12285450,4.67,429150,369375,24200.2,24365,24140,24139.1,24330.1,150,1,24330,1575,2,24329.3,150,1,24328.6,225,2,24328.5,75,1,24335,75,1,24335.6,150,1,24336.1,375,1,24336.2,1050,4,24336.3,150,1
1745813841,2025-04-28 09:47:21,24330,0.79,2216175,12285450,4.67,425325,387600,24200.2,24365,24140,24139.1,24332.9,150,1,24331.6,75,1,24331.5,150,1,24331.4,150,2,24331.3,150,2,24337.4,75,1,24338.4,75,1,24339,225,2,24339.2,75,1,24339.3,375,1
1745813842,2025-04-28 09:47:22,24337.4,0.82,2216250,12285450,4.67,434175,384150,24200.2,24365,24140,24139.1,24335.7,150,1,24334.6,75,1,24334.5,150,2,24334.4,225,2,24334.3,75,1,24338,75,1,24339,75,1,24340,1275,14,24340.5,75,1,24340.6,75,1
1745813843,2025-04-28 09:47:23,24337.4,0.82,2216250,12285450,4.67,434175,384150,24200.2,24365,24140,24139.1,24335.7,150,1,24334.6,75,1,24334.5,150,2,24334.4,225,2,24334.3,75,1,24338,75,1,24339,75,1,24340,1275,14,24340.5,75,1,24340.6,75,1
1745813844,2025-04-28 09:47:24,24337.4,0.82,2216250,12285450,4.67,431475,390450,24200.2,24365,24140,24139.1,24334.5,150,1,24333.9,75,1,24333.8,150,1,24333.6,75,1,24333.5,225,3,24338,75,1,24339,75,1,24340,1275,14,24340.5,75,1,24340.6,75,1
1745813845,2025-04-28 09:47:25,24337.4,0.82,2216250,12285450,4.67,431475,390450,24200.2,24365,24140,24139.1,24334.5,150,1,24333.9,75,1,24333.8,150,1,24333.6,75,1,24333.5,225,3,24338,75,1,24339,75,1,24340,1275,14,24340.5,75,1,24340.6,75,1
1745813846,2025-04-28 09:47:26,24340,0.83,2216850,12285450,4.67,427725,387375,24200.2,24365,24140,24139.1,24337.4,1050,1,24336,150,1,24335.3,150,1,24335,75,1,24334.9,75,1,24340,1050,11,24340.5,75,1,24340.6,75,1,24341,75,1,24341.4,75,1
1745813847,2025-04-28 09:47:27,24340,0.83,2216925,12285450,4.67,405975,396300,24200.2,24365,24140,24139.1,24337.4,1350,3,24335.2,75,1,24334.8,75,1,24334.6,150,2,24334.5,225,2,24340,975,10,24340.5,75,1,24340.6,75,1,24341,75,1,24341.4,75,1
1745813848,2025-04-28 09:47:28,24337.4,0.82,2216925,12285450,4.67,405975,396300,24200.2,24365,24140,24139.1,24337.4,1350,3,24335.2,75,1,24334.8,75,1,24334.6,150,2,24334.5,225,2,24340,975,10,24340.5,75,1,24340.6,75,1,24341,75,1,24341.4,75,1
1745813850,2025-04-28 09:47:30,24340,0.83,2217450,12285450,4.67,406200,395775,24200.2,24365,24140,24139.1,24337.4,1350,4,24335,75,1,24334.8,75,1,24334.6,75,1,24334.4,75,1,24340,675,7,24340.5,75,1,24340.6,75,1,24341,75,1,24341.4,75,1
1745813850,2025-04-28 09:47:30,24340,0.83,2217450,12285450,4.67,406200,395775,24200.2,24365,24140,24139.1,24337.4,1350,4,24335,75,1,24334.8,75,1,24334.6,75,1,24334.4,75,1,24340,675,7,24340.5,75,1,24340.6,75,1,24341,75,1,24341.4,75,1
1745813851,2025-04-28 09:47:31,24340,0.83,2218425,12285450,4.67,428775,372300,24200.2,24365,24140,24139.1,24340,150,1,24337.4,1200,4,24337.1,75,1,24337,75,1,24336.9,75,1,24340.6,75,1,24340.9,75,1,24341,75,1,24341.4,75,1,24341.5,75,1
1745813853,2025-04-28 09:47:33,24341,0.84,2218725,12285450,4.67,433425,382275,24200.2,24365,24140,24139.1,24340,225,1,24337.6,75,1,24337.4,975,3,24337.3,75,1,24337.2,75,1,24341.4,75,1,24341.5,75,1,24341.9,225,2,24342,450,1,24343,75,1
1745813853,2025-04-28 09:47:33,24341.5,0.84,2218725,12285450,4.67,433425,382275,24200.2,24365,24140,24139.1,24340,225,1,24337.6,75,1,24337.4,975,3,24337.3,75,1,24337.2,75,1,24341.4,75,1,24341.5,75,1,24341.9,225,2,24342,450,1,24343,75,1
1745813854,2025-04-28 09:47:34,24342,0.84,2220825,12285450,4.67,428025,395850,24200.2,24365,24140,24139.1,24336,75,1,24335.9,300,3,24335.8,150,2,24335.7,150,2,24335.6,75,1,24341.9,225,2,24342,450,1,24342.9,75,1,24343,75,1,24343.9,75,1
1745813855,2025-04-28 09:47:35,24340,0.83,2220825,12285450,4.67,428025,395850,24200.2,24365,24140,24139.1,24336,75,1,24335.9,300,3,24335.8,150,2,24335.7,150,2,24335.6,75,1,24341.9,225,2,24342,450,1,24342.9,75,1,24343,75,1,24343.9,75,1
1745813856,2025-04-28 09:47:36,24343.5,0.85,2221800,12285450,4.67,428550,399825,24200.2,24365,24140,24139.1,24340,375,3,24337.5,150,1,24337.4,75,1,24337.2,75,1,24337,150,2,24343.5,150,1,24343.7,150,1,24344,75,1,24344.2,75,1,24344.3,225,2
1745813857,2025-04-28 09:47:37,24340,0.83,2222475,12285450,4.67,363375,399600,24200.2,24365,24140,24139.1,24340,150,1,24338,75,1,24335,75,1,24334.8,75,1,24334.1,75,1,24341.3,675,2,24341.5,3150,11,24341.9,675,4,24342,450,2,24342.1,150,1
1745813858,2025-04-28 09:47:38,24338,0.82,2222475,12285450,4.67,363375,399600,24200.2,24365,24140,24139.1,24340,150,1,24338,75,1,24335,75,1,24334.8,75,1,24334.1,75,1,24341.3,675,2,24341.5,3150,11,24341.9,675,4,24342,450,2,24342.1,150,1
1745813859,2025-04-28 09:47:39,24341,0.84,2223150,12285450,4.67,430725,333675,24200.2,24365,24140,24139.1,24337.2,375,2,24337.1,225,2,24337,150,2,24336.9,75,1,24336.8,75,1,24340,675,1,24340.1,75,1,24341,900,1,24343,225,1,24344,150,2
1745813860,2025-04-28 09:47:40,24341.1,0.84,2223150,12285450,4.67,430725,333675,24200.2,24365,24140,24139.1,24337.2,375,2,24337.1,225,2,24337,150,2,24336.9,75,1,24336.8,75,1,24340,675,1,24340.1,75,1,24341,900,1,24343,225,1,24344,150,2
1745813861,2025-04-28 09:47:41,24341.1,0.84,2225250,12285450,4.67,429000,393225,24200.2,24365,24140,24139.1,24338.8,150,1,24338.5,75,1,24338.4,75,1,24338.3,75,1,24338.2,75,1,24344,75,1,24345,1500,12,24345.8,150,1,24346,225,2,24346.2,150,2
1745813862,2025-04-28 09:47:42,24343,0.84,2225325,12285450,4.67,429450,355650,24200.2,24365,24140,24139.1,24343,450,1,24341.8,150,2,24341.7,300,3,24341.6,150,2,24341.4,75,1,24344,75,1,24345,1500,12,24346,150,1,24347.7,75,1,24347.9,75,1
1745813863,2025-04-28 09:47:43,24343.3,0.85,2225325,12285450,4.67,429450,355650,24200.2,24365,24140,24139.1,24343,450,1,24341.8,150,2,24341.7,300,3,24341.6,150,2,24341.4,75,1,24344,75,1,24345,1500,12,24346,150,1,24347.7,75,1,24347.9,75,1
1745813864,2025-04-28 09:47:44,24343.6,0.85,2226300,12285450,4.67,431400,392250,24200.2,24365,24140,24139.1,24343,825,3,24342.3,75,1,24342.2,75,1,24342.1,75,1,24342,150,2,24345,1275,9,24346,150,1,24347.7,75,1,24347.9,75,1,24348,300,4
1745813865,2025-04-28 09:47:45,24343.2,0.85,2226300,12285450,4.67,431400,392250,24200.2,24365,24140,24139.1,24343,450,2,24342.3,75,1,24342.2,150,2,24342.1,150,2,24342,75,1,24345,1125,9,24346,150,1,24347.7,75,1,24347.9,75,1,24348,300,4
1745813866,2025-04-28 09:47:46,24345,0.85,2226900,12285450,4.67,410475,383175,24200.2,24365,24140,24139.1,24343,450,2,24342.3,75,1,24342.2,150,2,24342.1,150,2,24342,75,1,24345,1125,9,24346,150,1,24347.7,75,1,24347.9,75,1,24348,300,4
1745813867,2025-04-28 09:47:47,24343,0.84,2227125,12285450,4.67,429825,391200,24200.2,24365,24140,24139.1,24344,75,1,24343,375,2,24341.6,75,1,24341.4,75,1,24341.3,150,2,24345,1800,10,24346,150,1,24347.7,75,1,24347.9,75,1,24348,300,4
1745813868,2025-04-28 09:47:48,24343,0.84,2227125,12285450,4.67,429825,391200,24200.2,24365,24140,24139.1,24344,75,1,24343,375,2,24341.6,75,1,24341.4,75,1,24341.3,150,2,24345,1800,10,24346,150,1,24347.7,75,1,24347.9,75,1,24348,300,4
1745813869,2025-04-28 09:47:49,24343,0.84,2227350,12285450,4.67,431175,393075,24200.2,24365,24140,24139.1,24343,300,1,24341.2,150,2,24341.1,150,2,24341,75,1,24340.6,75,1,24345,1725,9,24346,225,2,24346.7,75,1,24347.7,75,1,24347.9,75,1
1745813870,2025-04-28 09:47:50,24343,0.84,2227725,12285450,4.67,426300,394350,24200.2,24365,24140,24139.1,24341.1,75,1,24338.9,150,2,24338.8,150,2,24338.7,225,3,24338.6,150,2,24345,1950,9,24345.2,75,1,24345.9,150,2,24346,225,2,24346.4,75,1
1745813871,2025-04-28 09:47:51,24343,0.84,2227725,12285450,4.67,426300,394350,24200.2,24365,24140,24139.1,24341.1,75,1,24338.9,150,2,24338.8,150,2,24338.7,225,3,24338.6,150,2,24345,1950,9,24345.2,75,1,24345.9,150,2,24346,225,2,24346.4,75,1
1745813872,2025-04-28 09:47:52,24337.6,0.82,2228400,12285450,4.67,420000,376575,24200.2,24365,24140,24139.1,24338,450,2,24337.9,150,2,24337.8,375,1,24337.7,75,1,24337.6,375,1,24344.7,75,1,24345,1650,8,24345.2,75,1,24345.3,75,1,24345.4,75,1
1745813873,2025-04-28 09:47:53,24343,0.84,2228400,12285450,4.67,420000,376575,24200.2,24365,24140,24139.1,24338,450,2,24337.9,150,2,24337.8,375,1,24337.7,75,1,24337.6,375,1,24344.7,75,1,24345,1650,8,24345.2,75,1,24345.3,75,1,24345.4,75,1
1745813875,2025-04-28 09:47:55,24343.1,0.85,2228475,12285450,4.67,433575,394425,24200.2,24365,24140,24139.1,24343.1,75,1,24340.1,75,1,24339.9,75,1,24339.5,75,1,24339.4,150,2,24344,150,1,24345,1650,8,24346,975,3,24346.2,75,1,24347.6,150,2
1745813875,2025-04-28 09:47:55,24343,0.84,2228625,12285450,4.67,433800,395025,24200.2,24365,24140,24139.1,24340.2,375,1,24340,450,2,24339.9,75,1,24339.8,375,1,24339.5,75,1,24343,225,1,24344,150,1,24345,1650,8,24346,975,3,24347.1,75,1
1745813877,2025-04-28 09:47:57,24343,0.84,2228625,12285450,4.67,433800,395025,24200.2,24365,24140,24139.1,24340.2,375,1,24340,450,2,24339.9,75,1,24339.8,375,1,24339.5,75,1,24343,225,1,24344,150,1,24345,1650,8,24346,975,3,24347.1,75,1
1745813878,2025-04-28 09:47:58,24345,0.85,2229525,12285450,4.67,421650,381750,24200.2,24365,24140,24139.1,24341.4,375,1,24341.1,75,1,24341,150,2,24340.7,75,1,24340.6,75,1,24345,2025,5,24346,975,3,24347.7,75,1,24347.9,75,1,24348,300,4
1745813879,2025-04-28 09:47:59,24343,0.84,2229525,12285450,4.67,421650,381750,24200.2,24365,24140,24139.1,24341.4,375,1,24341.1,75,1,24341,150,2,24340.7,75,1,24340.6,75,1,24345,2025,5,24346,975,3,24347.7,75,1,24347.9,75,1,24348,300,4
1745813880,2025-04-28 09:48:00,24345,0.85,2230500,12285450,4.67,434775,391650,24200.2,24365,24140,24139.1,24342.6,375,1,24341.8,150,2,24341.7,225,2,24341.6,150,2,24341.4,75,1,24345,1950,5,24346,975,3,24347.7,75,1,24347.9,75,1,24348,300,4
1745813881,2025-04-28 09:48:01,24347.7,0.86,2233800,12285450,4.67,439575,347625,24200.2,24365,24140,24139.1,24343.3,450,3,24343.2,450,3,24343.1,525,4,24343,375,2,24342.9,375,2,24347.9,75,1,24348,300,4,24349,300,3,24349.9,225,3,24350,6600,34
1745813882,2025-04-28 09:48:02,24348,0.87,2233800,12285450,4.67,439575,347625,24200.2,24365,24140,24139.1,24343.3,450,3,24343.2,450,3,24343.1,525,4,24343,375,2,24342.9,375,2,24347.9,75,1,24348,300,4,24349,300,3,24349.9,225,3,24350,6600,34
1745813883,2025-04-28 09:48:03,24344,0.85,2234250,12285450,4.67,430350,394275,24200.2,24365,24140,24139.1,24344,150,2,24341.8,75,1,24341.1,75,1,24341,300,3,24340.9,150,1,24348.3,75,1,24348.4,450,2,24348.5,75,1,24348.6,375,2,24348.9,75,1
1745813884,2025-04-28 09:48:04,24347.6,0.86,2234250,12285450,4.67,430350,394275,24200.2,24365,24140,24139.1,24344,150,2,24341.8,75,1,24341.1,75,1,24341,300,3,24340.9,150,1,24348.3,75,1,24348.4,450,2,24348.5,75,1,24348.6,375,2,24348.9,75,1
1745813885,2025-04-28 09:48:05,24343.4,0.85,2234625,12285450,4.67,432825,384450,24200.2,24365,24140,24139.1,24345,150,2,24342.2,75,1,24342,150,2,24341.9,150,2,24341.8,150,2,24347.2,75,1,24349,300,3,24349.4,75,1,24349.5,150,1,24349.7,75,1
1745813886,2025-04-28 09:48:06,24346,0.86,2235225,12285450,4.67,431550,329925,24200.2,24365,24140,24139.1,24345,675,5,24343.9,150,1,24343.2,150,1,24342.6,75,1,24342.5,150,1,24346.7,75,1,24349,225,2,24349.9,225,3,24350,6000,33,24350.9,75,1
1745813887,2025-04-28 09:48:07,24345.1,0.85,2235225,12285450,4.67,431550,329925,24200.2,24365,24140,24139.1,24345,675,5,24343.9,150,1,24343.2,150,1,24342.6,75,1,24342.5,150,1,24346.7,75,1,24349,225,2,24349.9,225,3,24350,6000,33,24350.9,75,1
1745813888,2025-04-28 09:48:08,24346,0.86,2235825,12285450,4.67,372525,388200,24200.2,24365,24140,24139.1,24341,75,1,24340.2,75,1,24340,75,1,24339,75,1,24338.5,150,1,24344.4,150,2,24345.4,75,1,24345.5,150,2,24345.6,150,2,24345.7,75,1
1745813889,2025-04-28 09:48:09,24347.5,0.86,2235825,12285450,4.67,372525,388200,24200.2,24365,24140,24139.1,24341,75,1,24340.2,75,1,24340,75,1,24339,75,1,24338.5,150,1,24344.4,150,2,24345.4,75,1,24345.5,150,2,24345.6,150,2,24345.7,75,1
1745813890,2025-04-28 09:48:10,24341,0.84,2236275,12285450,4.67,353775,375900,24200.2,24365,24140,24139.1,24341,75,1,24340.2,75,1,24339,75,1,24338.8,75,1,24338.6,75,1,24344.9,450,3,24345,150,2,24345.1,375,2,24345.2,750,3,24345.3,150,2
1745813891,2025-04-28 09:48:11,24339,0.83,2237250,12285450,4.67,351075,406050,24200.2,24365,24140,24139.1,24337,75,1,24335,150,2,24333.8,150,1,24333.6,75,1,24333.5,75,1,24341,525,3,24341.3,75,1,24341.4,1725,9,24341.5,1425,5,24341.6,75,1
1745813892,2025-04-28 09:48:12,24340,0.83,2237250,12285450,4.67,351075,406050,24200.2,24365,24140,24139.1,24337,75,1,24335,150,2,24333.8,150,1,24333.6,75,1,24333.5,75,1,24341,525,3,24341.3,75,1,24341.4,1725,9,24341.5,1425,5,24341.6,75,1
1745813893,2025-04-28 09:48:13,24338,0.82,2237925,12285450,4.67,435300,334950,24200.2,24365,24140,24139.1,24338,450,2,24337.3,150,2,24337.2,75,1,24337.1,150,2,24337,225,3,24340.7,825,1,24341,75,1,24344.5,75,1,24344.6,75,1,24344.7,150,2
1745813894,2025-04-28 09:48:14,24340.7,0.84,2237925,12285450,4.67,435300,334950,24200.2,24365,24140,24139.1,24338,450,2,24337.3,150,2,24337.2,75,1,24337.1,150,2,24337,225,3,24340.7,825,1,24341,75,1,24344.5,75,1,24344.6,75,1,24344.7,150,2
1745813895,2025-04-28 09:48:15,24340.7,0.84,2238000,12285450,4.67,426000,350250,24200.2,24365,24140,24139.1,24340,75,1,24337,75,1,24336.2,75,1,24335.9,150,2,24335.8,375,4,24340.7,1050,2,24341,75,1,24343.7,75,1,24343.8,225,2,24343.9,75,1
1745813896,2025-04-28 09:48:16,24343.7,0.85,2239575,12285450,4.67,430575,401700,24200.2,24365,24140,24139.1,24340.7,150,1,24340,150,2,24337,75,1,24336.1,75,1,24335.8,150,1,24341,750,1,24343.1,75,1,24343.2,75,1,24343.3,225,1,24343.4,225,3
1745813897,2025-04-28 09:48:17,24340.7,0.84,2239575,12285450,4.67,430575,401700,24200.2,24365,24140,24139.1,24340.7,150,1,24340,150,2,24337,75,1,24336.1,75,1,24335.8,150,1,24341,750,1,24343.1,75,1,24343.2,75,1,24343.3,225,1,24343.4,225,3
1745813898,2025-04-28 09:48:18,24340,0.83,2239800,12285450,4.67,431400,382950,24200.2,24365,24140,24139.1,24340,75,1,24337,75,1,24336.1,75,1,24336,225,2,24335.9,75,1,24341,1050,2,24343.6,75,1,24343.8,75,1,24344,75,1,24344.2,75,1
1745813899,2025-04-28 09:48:19,24340,0.83,2239800,12285450,4.67,431400,382950,24200.2,24365,24140,24139.1,24340,75,1,24337,75,1,24336.1,75,1,24336,225,2,24335.9,75,1,24341,1050,2,24343.6,75,1,24343.8,75,1,24344,75,1,24344.2,75,1
1745813900,2025-04-28 09:48:20,24340,0.83,2239800,12285450,4.67,435750,394050,24200.2,24365,24140,24139.1,24340.7,75,1,24340,75,1,24337.6,75,1,24337.5,300,3,24337.4,150,2,24341,750,1,24345,225,3,24345.2,75,1,24345.4,225,2,24345.7,75,1
1745813901,2025-04-28 09:48:21,24341,0.84,2240775,12285450,4.67,438900,373950,24200.2,24365,24140,24139.1,24340.3,525,2,24340.1,300,1,24340,525,3,24339.7,75,1,24339.6,225,2,24343,750,1,24345,225,3,24346,75,1,24347,75,1,24347.2,75,1
1745813902,2025-04-28 09:48:22,24341,0.84,2240775,12285450,4.67,438900,373950,24200.2,24365,24140,24139.1,24340.3,525,2,24340.1,300,1,24340,525,3,24339.7,75,1,24339.6,225,2,24343,750,1,24345,225,3,24346,75,1,24347,75,1,24347.2,75,1
1745813903,2025-04-28 09:48:23,24343,0.84,2240925,12285450,4.67,438450,396300,24200.2,24365,24140,24139.1,24340.8,300,1,24340.7,75,1,24340.4,75,1,24340.3,150,2,24340.2,150,2,24343,675,2,24345,225,3,24346,75,1,24347.8,75,1,24348,1575,3
1745813904,2025-04-28 09:48:24,24341.9,0.84,2240925,12307200,4.86,438450,396300,24200.2,24365,24140,24139.1,24340.8,300,1,24340.7,75,1,24340.4,75,1,24340.3,150,2,24340.2,150,2,24343,675,2,24345,225,3,24346,75,1,24347.8,75,1,24348,1575,3
1745813905,2025-04-28 09:48:25,24342,0.84,2241075,12307200,4.86,377325,396075,24200.2,24365,24140,24139.1,24341,600,3,24340.9,75,1,24340.8,75,1,24340.7,150,2,24340.3,75,1,24343,675,2,24345,750,4,24346,75,1,24347.8,75,1,24347.9,75,1
